2916 4834
576 449 750 513 ..31-

127 648 223 690 mana
254 626 402 711 gradatio
434 630 491 704 est,
515 626 654 708 primum
676 625 828 690 virtutem
850 629 1007 710 temptare
1030 623 1200 705 matronae.
1267 665 1270 676 .

126 752 244 815 deinde
275 751 360 830 filiae,
391 754 461 814 tum
483 751 600 834 sponsi,
624 773 719 834 porro
741 752 800 816 filii
822 752 940 835 pudici,
964 755 1124 835 postremo
1146 752 1197 815 vi-

127 877 234 940 cinam
257 878 385 941 domum
407 877 528 940 intrare
553 873 593 940 ad
616 878 831 960 eiuslsecreta
847 878 1081 963 cognoscenda?
1127 875 1197 952 Quo
1229 948 1237 966 ,

126 1001 209 1066 nihil
232 1003 413 1084 perversius
438 1007 496 1068 est.
542 1001 603 1068 Sed
628 1003 665 1066 fit
686 1001 773 1066 haud
796 1025 878 1081 ram,
901 1005 937 1065 ut
953 1003 1008 1087 qui
1024 1002 1194 1086 aliquando

126 1128 322 1191 sententiam
344 1151 403 1211 pro
428 1131 516 1193 certa
540 1128 816 1211 comprobaverint
832 1149 918 1213 aegre
935 1129 1143 1207 adducantur,
1160 1130 1197 1191 ut

127 1252 169 1316 ab
194 1274 231 1315 ea
255 1252 420 1332 desistant,
444 1253 521 1317 licet
544 1274 608 1316 non
630 1253 672 1315 sit
696 1253 871 1336 aptissima.

259 1421 288 1476 et
312 1419 454 1494 quoniam
478 1419 568 1494 coepit
592 1417 766 1477 Graecorum
788 1420 909 1489 mentio,
933 1419 1028 1478 transi

257 1525 413 1602 gymnasia
437 1529 527 1603 atque
552 1528 623 1586 audi
645 1527 760 1586 facinus
783 1527 903 1586 maioris
927 1528 1042 1586 abollae.

112 1677 249 1744 ¹Suntne
278 1676 440 1745 Iuvenalis
463 1679 532 1745 haec
555 1683 655 1746 verba
678 1681 741 1761 (vv.
767 1682 933 1765 114-15)
957 1704 999 1745 an
1021 1682 1197 1765 interpola·

125 1805 226 1868 toris?
273 1805 422 1870 Difficilis
455 1807 601 1890 quaestio‚
631 1811 740 1871 tamen
763 1829 823 1893 ego
845 1803 1005 1872 Iuvenalis
1029 1829 1096 1871 esse
1121 1829 1198 1871 con·

125 1930 295 1994 tenderim.
343 1927 381 1994 In
404 1932 453 2010 iis,
477 1932 532 2015 qui
556 1933 757 2011 antecedunt,
782 1932 925 1997 versibus
949 1955 1012 1997 non
1029 1933 1196 2018 gymnasia

125 2055 315 2136 nominavit,
339 2057 395 2120 sed
417 2059 527 2120 tamen
550 2079 588 2121 ea
611 2057 747 2120 strictim
771 2058 880 2143 attigit
904 2056 947 2138 (v.
973 2058 1014 2121 68
1030 2058 1197 2138 niceteria,

127 2181 193 2244 103
230 2181 402 2258 endromis;
438 2181 535 2245 ctiam
569 2205 620 2247 vv.
656 2183 785 2247 88—89
819 2181 1004 2264 palaestram
1026 2181 1195 2265 redolent).

126 2301 202 2368 Iure
233 2305 334 2389 igitur
362 2301 437 2370 haec'
461 2306 629 2390 gymnasia
651 2309 746 2388 poeta
768 2307 948 2391 relinquere
972 2311 1077 2390 potest
1101 2308 1197 2371 etad

127 2430 251 2494 maiora
281 2431 424 2494 lacinora
447 2431 639 2516 transgredi.
686 2429 748 2494 Sed
771 2431 842 2514 ipsa
864 2432 1010 2496 transitio
1032 2431 1198 2496 nihilomi-

125 2577 187 2620 nus
210 2556 291 2619 mira
315 2559 362 2619 est

451 2725 481 2780 et
504 2723 646 2797 quoniam
670 2723 769 2798 coepit,

125 2915 193 2958 non
218 2895 303 2957 enim
327 2894 426 2978 eoepit
448 2895 504 2958 sed
527 2917 619 2978 paene
643 2895 734 2959 finita
757 2896 877 2962 mentio
901 2899 958 2960 est.
977 2896 1002 2978 ¹)

235 3035 342 3120 Atque
378 3037 528 3120 quoniam
557 3041 652 3121 poeta
674 3038 707 3100 in
732 3038 853 3102 duobus
879 3038 1029 3102 extremis
1052 3037 1198 3102 versibus

126 3161 332 3245 (124-125)
361 3164 467 3227 verbis
490 3163 669 3228 manifestis
693 3164 731 3228 de
756 3164 906 3228 clientela
928 3164 1050 3228 locutus
1075 3168 1132 3243 est,
1154 3164 1197 3228 'ad

125 3286 327 3350 incommoda
351 3287 515 3353 clientium
538 3311 716 3372 pauperum
739 3289 804 3352 iam
826 3312 857 3354 v.
883 3290 945 3352 126
962 3289 1057 3353 facile
1070 3288 1197 3353 transit.

125 3408 242 3494 Neque
275 3415 384 3476 tamen
408 3413 463 3477 diu
485 3414 532 3488 ibi
555 3418 706 3493 moratur,
731 3413 787 3477 sed
809 3417 980 3497 postquam
1002 3413 1053 3477 his
1077 3413 1197 3478 incom-

125 3535 229 3600 modis
264 3538 356 3620 quasi
385 3538 575 3602 transitione
607 3561 683 3602 usus
707 3542 765 3616 est,
790 3538 898 3601 statim
922 3537 1030 3622 pergit
1054 3537 1093 3600 ad
1117 3557 1199 3620 pau·

238 3783 259 3852 ¹)
278 3787 437 3840 Ribbecklus
456 3787 586 3840 lacunam
605 3803 664 3840 esse
683 3785 754 3839 dicit
772 3788 838 3840 ante
850 3801 955 3849 vocem,
969 3802 1031 3853 quae
1044 3787 1087 3840 est
1099 3783 1198 3850 transi,

126 3874 177 3929 sed
196 3873 226 3928 in
246 3874 324 3953 codd.
343 3893 370 3928 v.
392 3875 442 3928 114
460 3875 527 3930 talis
547 3874 658 3944 legitur,
678 3874 771 3942 qualis
789 3873 820 3927 in
839 3873 938 3929 ceteris
957 3873 1128 3929 editionibus
1146 3876 1197 3928 est.

125 3965 269 4018 Incertum
297 3966 347 4028 est,
377 3980 413 4016 an
440 3964 521 4032 plura
547 3964 581 4018 de
607 3962 742 4018 Graeculis
761 3962 907 4017 additurus
927 3962 1012 4017 luerit
1030 3965 1121 4031 poeta,
1141 3961 1199 4016 nisi
1303 4021 1306 4028 ¹

126 4070 219 4107 sermo
246 4051 276 4105 in
299 4051 415 4107 clientes
439 4052 503 4108 illos
526 4070 661 4122 pauperes
679 4051 833 4114 incidisset.
853 4051 1007 4120 dequibus
1027 4068 1089 4106 eum
1108 4050 1199 4105 liben-

125 4139 237 4196 tissime
256 4141 389 4196 disserere
408 4144 526 4196 constat.
