2930 4836
557 442 752 505 -109-

111 594 292 700 postduam
325 618 503 700 superiores
526 639 636 682 versus
659 619 909 703 interrogatione
933 619 1046 698 finivit,
1070 614 1185 682 transit

113 744 161 806 ad
186 765 237 821 ea,
258 733 327 826 quae
353 743 465 806 deinde
491 743 709 806 demonstrare
730 744 808 821 vult,
833 744 1000 808 interiecto
1024 765 1126 822 versu,
1146 744 1185 810 in

119 889 188 950 quo
212 867 403 932 sententiam
426 868 572 931 universe
597 867 721 931 effatur.
769 867 833 931 Cfr.
858 865 916 931 VI.
941 869 1014 943 242,
1040 869 1103 932 268
1128 868 1169 931 al.

229 991 394 1056 Habemus
418 1014 488 1075 quae
513 993 692 1055 adnotanda
716 1014 784 1055 esse
807 993 986 1069 uideantur,
1011 996 1182 1076 antequam

116 1117 254 1180 satiram
277 1117 575 1180 tertiumdecimum
593 1117 819 1207 relinquamus.
852 1115 1004 1198 Redimus
1022 1117 1106 1181 adv.
1124 1119 1183 1182 28:
1270 1131 1272 1140 “

300 1283 378 1322 nunc
402 1267 474 1322 aetas
498 1265 599 1340 agitur
622 1265 782 1340 peioraque
806 1267 914 1324 saecula
938 1265 1010 1323 ferri

298 1372 482 1447 temporibus
536 1417 559 1432 «-

228 1523 302 1590 Non
326 1526 501 1608 amplector
523 1525 703 1604 lectionem,
728 1547 799 1608 quae
824 1507 929 1588 estin
951 1539 1008 1608 po,
1027 1549 1111 1606 nona
1127 1548 1185 1609 pro

117 1673 217 1728 nunc,
242 1651 324 1734 quod
348 1651 381 1713 in
406 1651 473 1714 cod.
497 1649 532 1714 P.
558 1651 712 1734 seriptum
736 1655 794 1714 est.
837 1651 948 1714 Laudo
963 1647 1183 1729 Weidnerum,

116 1776 177 1858 qui
212 1775 295 1838 hano
319 1775 488 1838 lectionem
512 1780 625 1839 contra
644 1774 867 1840 Heinriehium
891 1761 1043 1838 defendit.
1089 1773 1184 1838 Nona

115 1900 173 1964 vel
207 1901 278 1964 ideo
303 1901 459 1983 displicet,
488 1901 571 1982 quod
593 1900 647 1962 vix
670 1900 897 1983 intellegimus,
922 1922 977 1963 cur
1000 1901 1033 1963 id
1056 1899 1184 1982 potissi·

114 2047 208 2088 mum
232 2021 420 2088 attributum
443 2028 538 2108 poeta
555 2024 699 2108 elegerit,
716 2047 818 2107 neque
834 2025 949 2088 mirum
966 2029 1024 2101 est,
1040 2021 1183 2088 homines

113 2155 187 2212 tam
218 2171 296 2212 serre
321 2150 409 2213 aetati
432 2149 554 2212 nullum
577 2141 692 2214 nomen
716 2172 754 2244 er
778 2149 915 2212 metallis
940 2171 1063 2213 sumere
1087 2153 1183 2232 potu-

115 2275 194 2352 isse,
217 2297 319 2356 neque
344 2296 421 2357 opus
446 2278 515 2338 erat
539 2275 654 2353 dicere,
678 2297 794 2338 nonam
810 2277 938 2338 aetatem
953 2276 1095 2357 peiorem
1113 2295 1182 2338 esse
1291 2313 1292 2321 κ

116 2399 199 2462 ferri
230 2399 437 2482 temporibus,
462 2419 532 2482 quae
557 2404 703 2482 quartam
727 2403 855 2462 aetatem
879 2399 1061 2462 effecerunt.
1102 2398 1183 2463 Con-

117 2524 199 2587 cedo
235 2524 424 2588 attributum
445 2520 554 2602 serbi,
579 2525 661 2607 quod
685 2528 733 2625 est
757 2528 844 2601 aetas,
869 2546 931 2588 non
955 2525 1034 2588 bene
1059 2524 1182 2588 deside-

117 2649 196 2727 rari,
226 2653 340 2744 'tamen
363 2653 508 2712 mutuum
532 2649 613 2712 sumi
635 2653 742 2732 potest
765 2672 804 2712 ex
829 2649 877 2726 iis,
902 2672 973 2733 quae
997 2653 1181 2732 sequuntur.

118 2773 211 2848 Quod
240 2775 323 2856 apud
347 2773 567 2837 Hermannum
590 2775 710 2858 legitur
723 2775 757 2856 ¹),
782 2775 861 2838 illud
885 2796 968 2837 nunc
992 2775 1183 2838 eminentem

117 2899 233 2978 locum,
258 2921 352 2981 quem
375 2900 409 2961 in
432 2899 592 2996 principio
612 2900 761 2963 versiculi
784 2903 881 2976 tenet,
904 2900 987 2962 tueri
1004 2921 1066 2963 non
1081 2921 1182 2982 posse,

117 2993 288 3106 postquam
312 3025 422 3086 eadem
446 3029 589 3106 tempora
613 3024 734 3088 iamin
758 3024 1019 3088 antecedentibus
1043 3027 1182 3086 tractata

118 3147 194 3224 sint,
229 3171 290 3212 non
326 3150 476 3232 approbo,
500 3171 575 3212 nam
598 3150 730 3232 opponit
752 3152 847 3231 poeta
870 3171 926 3211 sua
950 3153 1093 3230 tempora
1116 3148 1183 3231 pri-

118 3272 212 3335 stinis
235 3273 309 3352 illis,
333 3296 467 3356 quorum
490 3275 563 3336 inde
588 3297 606 3337 a
629 3297 659 3338 v.
683 3275 723 3338 38
741 3274 859 3337 mentio
875 3274 927 3350 fit;
952 3274 985 3335 in
1002 3294 1063 3355 quo
1079 3263 1182 3352 versu,

118 3399 157 3458 ut
191 3419 249 3478 par
284 3401 342 3475 est,
378 3400 520 3477 verbum,
545 3399 627 3481 quod
652 3402 699 3461 est
723 3399 891 3481 quondam,
916 3397 1056 3481 primum
1079 3398 1184 3461 locum

117 3525 209 3584 tenet
233 3522 342 3585 eodem
366 3523 467 3597 modo,
492 3546 554 3606 quo
576 3546 606 3586 v.
632 3525 673 3587 60
697 3523 835 3605 positum
852 3526 900 3585 est
915 3521 993 3587 illud
1011 3545 1104 3599 nuno,
1122 3544 1184 3605 quo

118 3647 219 3710 verbo
243 3649 336 3728 poeta
361 3647 399 3709 ad
423 3647 502 3710 vitia
526 3669 589 3711 suae
614 3637 718 3711 aetatis
742 3646 1004 3730 reprehendenda
1027 3648 1153 3711 transit.

227 3770 288 3836 Vv.
324 3773 454 3834 38-59
490 3794 562 3834 cum
595 3771 653 3836 Vl.
683 3774 789 3836 1-20
814 3772 840 3834 si
865 3773 1073 3851 conferemus
1095 3772 1183 3834 simi-

118 3896 288 3959 litudinem
322 3899 444 3959 tantam
479 3897 675 3960 intercedere
709 3897 897 3976 videbimus
933 3900 967 3960 ut
1003 3899 1042 3960 ab
1073 3897 1183 3960 eodem

818 3995 821 4000 Α
892 3998 902 4033 Ι

231 4125 250 4194 ¹)
271 4128 402 4180 Herulus
422 4127 450 4180 in
469 4127 546 4196 praef.
566 4126 632 4182 edit.
652 4146 679 4196 p.
698 4128 797 4182 XXXI.
