2854 4828
724 469 898 532 „94-

275 645 355 721 Quae
379 647 477 711 verba
499 647 581 711 mira
604 647 762 726 videntur,
786 670 862 711 nam
884 649 981 731 poeta
1004 647 1072 730 ipsc
1089 648 1199 727 suasit,
1216 653 1254 712 ut
1268 647 1341 712 rhe-

275 776 362 836 tores
398 794 465 836 esse
496 794 592 855 quam
614 773 753 856 primum
778 773 974 836 desinerent:
999 773 1064 835 iam
1087 773 1252 836 consilium
1280 775 1343 838 eius

280 896 391 974 secuti,
416 899 584 980 postquam
608 897 695 960 aliud
718 897 793 960 vitai
822 920 922 982 genus
939 899 1081 981 amplexi
1097 902 1179 978 sunt,
1205 920 1263 962 cur
1287 900 1346 963 sibi

275 1021 340 1104 ipsi
374 1022 485 1084 rudem
520 1023 661 1085 dabunt?
708 1018 901 1106 intellegere
925 1045 1103 1106 possumus,
1128 1045 1185 1086 cur
1208 1021 1344 1088 luvena-

273 1144 315 1208 lis
339 1167 378 1208 ne
404 1146 636 1210 causidicorum
659 1147 788 1230 quidem
808 1148 1025 1211 condicionem
1041 1150 1256 1232 expetendam
1273 1172 1345 1214 ceu·

277 1271 363 1347 seat;
387 1293 437 1334 vv.
464 1271 637 1334 roo-149
661 1265 736 1335 ver‘e
760 1273 828 1335 sine
853 1273 949 1337 dubio
974 1274 1011 1337 de
1035 1273 1074 1337 iis
1098 1274 1266 1354 iudicavit,
1291 1277 1345 1339 sed

275 1395 335 1459 hoc
369 1395 440 1458 loco
472 1395 514 1477 (v.
540 1395 617 1477 171)
640 1397 730 1460 nobis
754 1419 818 1461 uon
841 1399 948 1462 statim
972 1399 1006 1461 in
1029 1403 1170 1462 mentem
1192 1401 1284 1464 venit
1309 1401 1344 1463 de

274 1520 339 1584 illis
362 1521 584 1585 remotioribus
607 1522 751 1586 versibus
775 1523 927 1606 cogitare.
966 1522 1089 1587 Verum
1113 1523 1277 1589 enimvero
1293 1525 1344 1588 hic

272 1646 489 1710 substituendi
523 1650 606 1724 suut,
638 1647 721 1729 quod
744 1647 806 1710 uisi
829 1647 994 1727 faciamus,
1018 1650 1197 1712 timendum
1222 1653 1283 1730 est,
1308 1671 1345 1712 ne

276 1771 387 1855 inepta
420 1775 475 1834 aut
510 1773 588 1835 dura
611 1772 770 1836 sententia
793 1773 949 1836 videatur.
996 1772 1116 1856 Aptius
1139 1777 1250 1837 tamen
1275 1797 1345 1839 vcr-

275 1897 362 1974 bum,
399 1919 495 1980 quam
529 1897 618 1967 illam
652 1897 844 1980 particulam
879 1919 965 1982 ergo,
1000 1903 1096 1982 poeta
1128 1899 1285 1963 adhibere
1317 1905 1346 1964 et

273 2022 380 2104 potuit
404 2024 436 2086 et
460 2019 578 2102 debuit,
596 2044 658 2105 quo
676 2025 865 2107 argumenta
883 2021 1055 2102 rhetorum,
1080 2045 1153 2086 cum
1175 2046 1208 2087 se
1225 2030 1344 2089 sortem

273 2147 505 2210 causidicorum
525 2147 679 2229 praeferre
703 2147 855 2227 dicerent,
879 2147 1058 2213 refutaret·
1080 2145 1140 2212 Illa
1164 2149 1249 2212 enim
1266 2173 1343 2233 par-

185 2255 188 2282 *
273 2271 373 2334 ticula
407 2293 469 2334 uon
504 2272 620 2356 placet,
651 2273 717 2336 sive
741 2274 904 2355 propriam
928 2274 994 2338 vim
1018 2274 1047 2336 ei
1070 2275 1250 2354 tribuimus,
1279 2277 1344 2339 sive

275 2418 346 2459 eam
370 2419 427 2481 pro
452 2398 612 2462 enimvero
644 2398 693 2462 vel
716 2398 861 2481 profecto
884 2397 959 2480 poni
981 2402 1141 2480 putamus,
1166 2400 1251 2482 quod
1277 2399 1344 2464 Ru-

274 2522 398 2604 pertius
422 2524 632 2586 commendat.

381 2647 421 2712 V.
447 2649 508 2711 181
535 2647 672 2711 editores
695 2649 728 2711 iu
745 2652 927 2712 contextum
943 2649 1085 2731 recipere
1102 2649 1199 2733 vulgo
1214 2649 1343 2714 nolunt:

265 2773 471 2844 ,Ribbeclrius
494 2773 620 2836 futilem
644 2796 716 2836 eum
740 2777 772 2836 et
795 2775 963 2838 obscurum
987 2774 1138 2856 appellat.
1179 2771 1342 2848 Quaeritur

274 2902 395 2976 tamen,
431 2898 534 2961 aliane
565 2897 711 2980 exempla
735 2899 818 2980 apud
842 2895 1025 2962 Iuvenalem
1048 2899 1261 2979 inveniantur,
1289 2901 1343 2964 ubi

273 3027 348 3106 post
382 3023 666 3107 interrogationem
700 3026 794 3107 poeta
827 3024 1023 3086 sententiam
1046 3024 1240 3108 generalem,
1267 3047 1339 3107 quae

272 3147 508 3231 praecedentem
540 3149 631 3230 quasi
653 3148 782 3212 uberius
807 3148 954 3230 explicet,
980 3149 1084 3213 addat.
1132 3148 1231 3212 Paulo
1255 3149 1342 3212 infra

273 3274 411 3358 legimus
435 3273 499 3354 (vv.
524 3273 723 3356 ras-ror).
860 3237 862 3244 ‘

329 3475 487 3532 Ventidius
511 3475 583 3549 quid
607 3475 704 3534 enirn?
729 3474 801 3550 quid
825 3475 962 3534 Tullius?
987 3495 1061 3533 anne
1086 3476 1168 3533 aliud
1191 3495 1283 3549 quam

330 3580 410 3639 sidus
434 3585 464 3638 et
487 3581 597 3640 occulti
620 3581 754 3640 miranda
777 3583 913 3658 potentia
937 3583 1013 3640 fati?

310 3675 423 3746 servis
447 3708 538 3765 regna
563 3690 686 3759 dabunt,
713 3690 836 3764 captivis
859 3690 922 3746 fata
946 3691 1141 3764 triumphum.

275 3893 337 3970 Qui
371 3919 479 3959 versus
515 3898 576 3961 201
614 3896 711 3960 simili
746 3897 877 3960 consilio
912 3898 1036 3962 additus
1072 3897 1199 3960 videtur
1223 3919 1284 3979 quo
1309 3921 1340 3962 v.

276 4021 350 4084 181.
398 4019 546 4086 Alterum
570 4022 751 4105 exemplum
775 4025 823 4085 est
846 4021 904 4088 Vl.
930 4023 1099 4086 239-41:
