2916 4834
729 429 903 510 ..54-

283 625 481 703 describunt;
517 625 551 688 in
585 624 687 689 altera
719 646 821 689 sermo
852 628 900 688 est
922 624 962 688 dc
984 623 1090 688 media
1113 645 1191 688 cena
1214 623 1278 706 (vv.
1303 625 1348 689 80

283 748 419 832 -145);
454 750 552 813 tertia
587 750 723 833 denique
757 731 844 834 parsx
861 749 896 813 in
919 752 1061 814 extrema
1085 770 1164 814 cena
1186 749 1350 814 narranda
1442 755 1443 832 l

281 878 441 959 versatur

328 1014 345 1024 ”
388 995 427 1061 ln
460 999 564 1083 prima
593 1004 685 1082 parte
709 998 773 1081 (vv.
798 999 943 1081 24—79)
964 1003 1060 1083 poeta
1082 999 1196 1083 incipit
1219 1022 1238 1062 a
1260 998 1345 1078 vinc,

281 1123 395 1188 deinde
428 1125 544 1187 transit
578 1125 618 1189 ad
651 1125 742 1188 varia
775 1124 961 1208 poculorum
995 1145 1124 1210 genera.
1170 1124 1246 1188 Post
1274 1123 1346 1188 haec

283 1248 423 1313 decoctae
447 1250 567 1314 mentio
591 1249 637 1329 fit,
661 1249 774 1314 deinde
798 1272 970 1328 servorum,
995 1248 1051 1334 qui
1071 1248 1142 1314 haec
1165 1236 1271 1313 o'mnia
1287 1271 1346 1331 ap-

279 1378 411 1455 ponunt.
457 1373 580 1438 Ultima
614 1375 733 1438 mentio
767 1377 816 1438 est
848 1374 951 1459 panis
987 1396 1050 1457 qua
1085 1374 1230 1438 absoluta
1258 1372 1345 1438 hanc

279 1498 385 1562 satirae
409 1501 534 1582 partem
557 1502 654 1582 poeta
670 1501 780 1564 eodem
795 1499 889 1564 modo
904 1499 985 1577 finit,
1002 1521 1064 1582 quo
1080 1499 1222 1584 singulas
1235 1502 1345 1583 partes

279 1622 449 1686 satirarum
472 1627 539 1689 tam
562 1645 647 1706 saepe
671 1623 757 1688 finiri
779 1623 926 1703 vidimus,
949 1623 1108 1690 sententia
1130 1623 1284 1709 generali,
1301 1625 1344 1687 ab

278 1746 318 1812 iis
342 1769 412 1830 quae
437 1750 723 1812 commemorantur
746 1752 820 1832 apte
843 1748 988 1832 profecta
1011 1746 1075 1829 (vv.
1101 1747 1255 1830 76-79).

386 1870 512 1946 Quanta
547 1872 714 1957 diligentia
742 1875 838 1957 poeta
864 1872 897 1936 in
920 1872 971 1936 his
993 1872 1137 1938 versibus
1161 1875 1279 1952 utatur,
1303 1895 1343 1936 ex

279 2019 316 2061 eo
349 1998 503 2084 ridemus,
536 1999 620 2082 quod
649 2019 776 2081 semper
799 1999 860 2062 duo
882 1998 1128 2081 uniuscuiusque
1151 1998 1200 2062 rei
1223 2019 1343 2083 genera

277 2123 429 2202 nominat,
453 2145 588 2206 quorum
611 2123 748 2188 alterum
771 2123 907 2202 domino,
932 2123 1068 2186 alterum
1087 2123 1228 2206 parasito
1244 2123 1343 2186 desti-

277 2250 389 2310 natum
412 2247 500 2312 dicit.
546 2247 671 2312 Anxius
694 2247 754 2312 hoc
777 2247 911 2312 fortasse
933 2248 1069 2326 videtur,
1093 2250 1202 2311 tamen
1224 2247 1342 2311 mirum

279 2376 438 2454 quantum
461 2372 502 2435 ad
525 2373 668 2436 ordinem
692 2373 899 2437 constitutum
921 2372 1112 2437 servandum
1133 2373 1229 2437 valet.
1264 2370 1341 2447 Quae

277 2517 350 2560 cum
382 2497 429 2560 ita
463 2497 536 2576 sint,
571 2518 634 2561 non
667 2498 785 2561 mirum
813 2497 984 2576 videbitur,
1016 2496 1043 2560 si
1065 2497 1100 2560 in
1122 2496 1172 2560 his
1195 2497 1340 2561 versibus

276 2621 390 2684 subitae
425 2621 489 2685 illae
524 2622 729 2686 transitiones
759 2622 887 2686 omnino
909 2644 973 2686 non
994 2622 1209 2687 inveniuntur.
1256 2621 1340 2686 Fuc-

276 2748 350 2811 runt
373 2748 490 2825 tamen,
514 2746 569 2829 qui
592 2742 777 2810 Iuvenalem
799 2745 1080 2830 reprehenderent,
1105 2746 1190 2829 quod
1213 2749 1286 2829 post
1308 2769 1339 2810 v.

276 2869 318 2933 39
343 2891 398 2933 sex
422 2892 475 2934 ecs
497 2892 608 2935 versus
632 2871 772 2951 adderet,
797 2893 932 2954 quorum
954 2870 1013 2936 hoc
1037 2871 1202 2935 exordium
1225 2873 1286 2935 est:

487 3038 534 3096 rel
557 3036 583 3096 si
606 3037 724 3112 quando
748 3037 847 3108 datur,
873 3039 971 3096 custos
995 3039 1051 3095 cet.

275 3189 321 3258 At
354 3189 389 3254 hi
423 3193 697 3271 commentatores,
733 3213 805 3278 cum
832 3190 944 3254 liceret
965 3191 1084 3265 ridere,
1107 3195 1226 3274 quanto
1249 3213 1338 3256 acer-

274 3315 346 3380 bior
380 3315 463 3379 foret
497 3315 658 3380 cavillatio
692 3315 916 3399 parasitorum,
951 3315 979 3379 si
1011 3315 1059 3378 illi
1086 3337 1195 3379 versus
1219 3317 1337 3380 retinc-

274 3443 394 3520 rentur,
432 3444 541 3504 tamen
577 3441 760 3524 vituperare
794 3439 985 3504 maluerunt.
1042 3438 1164 3504 Montio
1199 3441 1336 3506 custodis

274 3564 394 3628 ibidem
428 3564 526 3628 adfixi
557 3568 793 3648 peropportune
828 3564 914 3628 facta
949 3567 998 3628 est
1026 3566 1120 3648 atque
1142 3563 1216 3647 plus
1239 3564 1338 3628 habet

273 3687 458 3754 festivitatis
492 3685 718 3768 Iuvenalianae,
753 3710 850 3772 quam
878 3691 915 3752 ut
938 3689 1049 3753 abesse
1071 3688 1181 3772 possit.
1227 3687 1337 3753 Verba

274 3835 345 3897 quae
369 3817 544 3898 sequuntur

410 3962 470 4020 'da
493 3961 619 4033 veniam,
643 3961 787 4037 preclara
810 3960 870 4020 illic
892 3960 1036 4019 laudatur
1058 3960 1167 4036 hiaspis

272 4120 376 4202 poetae
400 4121 483 4198 sunt,
507 4137 564 4182 cur
585 4114 682 4180 Virro
706 4137 817 4180 aurum
840 4116 981 4200 parasito
1004 4115 1122 4179 invitus
1146 4087 1338 4196 committat,
