2930 4836
596 477 631 485 -
663 437 790 505 147--

163 622 309 686 transitio
346 625 395 686 est
433 643 462 686 v.
499 620 550 699 35,
590 620 645 684 ubi
678 618 869 702 particulam
903 624 985 682 nunc
1021 618 1221 688 coniunctivo

163 748 329 826 adnexam,
354 750 388 809 ut
412 746 481 810 eliis
505 745 582 810 locis
607 746 805 828 imperativo,
830 744 1018 808 invenimus
1112 775 1114 778 ⁴

272 863 485 951 Heinrichius,
518 871 572 955 qui
600 872 818 955 incorruptam
840 870 933 936 huius
957 870 1063 958 satirae
1086 868 1222 954 integri·

163 1002 262 1062 tatem
285 998 490 1062 vehementer
513 997 691 1082 impugnat,
715 1000 824 1060 tamen
846 996 914 1079 ipse
939 995 1092 1074 concedit,
1114 995 1222 1078 proxi-

162 1147 231 1188 mas
266 1145 386 1203 causas,
422 1123 536 1207 quibus
571 1144 642 1186 eam
677 1120 868 1186 aluvenale
893 1143 956 1186 non
980 1143 1047 1184 esse
1072 1120 1223 1203 scriptam

164 1250 379 1316 demonstrare
403 1249 569 1332 possimne,
594 1247 721 1312 omnino
744 1236 927 1325 desiderari,
949 1267 1023 1309 cum
1037 1267 1101 1310 non
1114 1245 1224 1330 magni

163 1375 315 1438 momenti
345 1373 397 1453 sit,
421 1373 503 1457 quod
527 1372 560 1436 in
583 1372 741 1436 nonnullis
765 1371 925 1436 codicibus
948 1393 1012 1434 non
1035 1370 1223 1448 inveniatur,

163 1521 222 1562 nec
247 1501 334 1562 certa
357 1501 545 1590 argumenta
567 1496 729 1578 historica,
754 1519 824 1580 quse
849 1497 1005 1576 dicuntur,
1029 1519 1069 1560 ex
1093 1518 1130 1560 ee
1155 1496 1224 1579 ipse

163 1624 390 1720 sumipossint
420 1629 441 1699 ).

271 1749 358 1824 Quod
393 1771 468 1813 vero
503 1749 580 1814 dicit
617 1747 831 1825 Heinrichius,
864 1770 931 1811 esse
956 1748 989 1810 iu
1012 1747 1111 1810 sotira
1134 1751 1225 1812 sexta

165 1875 286 1938 decimo
321 1897 440 1953 versus,
476 1875 531 1958 qui
565 1897 742 1939 sermonem
766 1871 1007 1938 Iuvenalianum
1030 1873 1121 1938 valde
1146 1873 1224 1937 resi·

163 2000 264 2082 piant,
289 2002 321 2063 et
344 2001 426 2084 quod
451 1999 483 2062 in
508 2022 545 2063 ea
569 1997 765 2064 Ribbeckius
784 1999 893 2063 laudat
908 2022 939 2081 p.
959 2000 1010 2073 71,
1027 1999 1060 2062 id
1075 1999 1114 2061 iis
1131 1998 1224 2064 facile
1281 2007 1284 2014 '

164 2126 383 2190 concesserim.
431 2123 568 2188 Satiram
602 2125 686 2188 enim
722 2148 742 2187 a
776 2122 926 2188 Iuvenale
961 2101 1114 2207 scriptam
1145 2146 1223 2202 esse,

164 2273 236 2314 cum
260 2251 330 2314 aliis
354 2251 457 2314 causis
481 2250 604 2328 ductus,
628 2254 696 2313 tum
719 2250 767 2327 iis,
793 2271 863 2333 quae
887 2249 1012 2333 inipso
1036 2251 1224 2333 argumento

164 2377 253 2440 etin
277 2377 458 2459 argumenti
482 2375 687 2458 dispositione
711 2375 780 2438 sitae
804 2379 887 2452 sunt,
911 2373 991 2437 mihi
1013 2374 1166 2457 persuasi.

270 2499 353 2564 Nam
378 2501 405 2564 si
429 2501 466 2565 de
491 2502 679 2585 argumento
704 2500 855 2564 iudicium
878 2500 1024 2564 universe
1048 2499 1154 2565 facere
1170 2521 1224 2564 vo·

162 2626 278 2703 lumuS,
302 2625 371 2708 quis
395 2648 455 2690 nou
481 2626 577 2704 videt,
602 2629 721 2709 quanta
744 2625 985 2703 dissimulantia,
1009 2647 1103 2707 quam
1119 2624 1226 2708 lepido

164 2750 290 2814 dicendi
326 2771 454 2835 genere,
490 2754 610 2834 quanta
644 2751 788 2814 irrisione
825 2754 918 2833 poeta
942 2753 1059 2829 utatur,
1083 2752 1119 2812 ut
1141 2751 1225 2833 quod

163 2875 225 2938 sibi
260 2876 423 2959 proposuit
458 2876 497 2939 ad
527 2875 622 2939 finem
646 2876 821 2959 perducat?
856 2875 977 2960 Magna
1000 2880 1032 2939 et
1055 2875 1225 2940 vehemens

164 3000 266 3068 ironia
302 3003 350 3063 est
385 3023 549 3084 sermoque
585 3001 624 3067 ad
660 3023 730 3066 eam
754 3002 1022 3078 accommodatus;
1060 3001 1224 3064 commoda

163 3126 286 3192 militias
323 3147 420 3190 unum
456 3129 528 3209 post
555 3126 690 3190 alterum
718 3130 952 3203 enumerantur,
976 3127 1225 3208 perpenduntur,

164 3251 351 3329 laudantur3
388 3251 530 3315 defendit
565 3252 596 3315 id
630 3255 737 3334 poeta,
765 3253 849 3336 quod
873 3251 1001 3316 defendi
1024 3251 1111 3314 nullo
1134 3253 1227 3316 modo

164 3377 282 3458 potest,
318 3377 485 3441 cavillatur
520 3400 591 3442 cum
627 3377 675 3456 iis,
712 3399 789 3460 quos
824 3399 857 3440 se
893 3375 1062 3440 defendere
1087 3377 1225 3444 simulat.

162 3500 311 3566 Profecto
334 3524 394 3581 res,
419 3524 513 3585 quam
538 3503 598 3568 sibi
623 3504 787 3586 proposuit
810 3506 845 3566 ut
868 3504 1030 3581 tractaret,
1055 3523 1117 3566 non
1140 3502 1223 3568 male

163 3627 294 3690 iuventa
318 3631 375 3707 est,
400 3651 461 3692 non
485 3627 567 3692 m'ale
592 3631 738 3693 tractata.

273 3751 377 3835 Atque
413 3753 439 3816 si
474 3753 600 3860 singpla
635 3775 871 3837 persequemur,
907 3753 1008 3818 multa
1037 3751 1225 3831 videbimus,

165 3897 235 3959 quae
274 3877 337 3940 iam
377 3881 449 3942 ante
490 3880 574 3961 apud
605 3869 792 3942 ¹Iuvenalem
830 3881 1045 3956 occurrerunt,
1084 3898 1156 3962 quac
1191 3879 1226 3944 ut

276 4144 295 4212 ¹)
316 4145 448 4200 Hurruucu
468 4145 487 4198 l.
507 4146 525 4198 l.
545 4147 578 4199 ΙΙ.
598 4165 643 4218 pp.
664 4147 724 4210 516,
745 4147 805 4203 543.
