2916 4834
689 371 862 464 ..16-Ἰ

249 635 250 640 ,
333 582 479 658 numquid
502 598 555 642 nos
580 583 694 658 agimus
718 601 831 654 causan,
856 583 953 642 civilia
976 583 1043 642 iura

277 743 281 754 ,
332 689 479 760 novimus
505 692 558 748 aut
580 691 642 750 ullo
665 690 793 766 strepitu
816 690 882 748 fora
906 693 1005 748 vestra
1027 695 1199 751 movemus?

331 797 486 856 luctantur
509 815 622 872 pauoae,
647 797 806 856 comedunt
829 796 966 872 colyphia
989 815 1092 872 pauca

348 947 462 1033 Itaque
478 973 517 1014 ne
533 949 603 1015 haec
620 951 758 1033 quidem,
775 973 846 1034 quae
859 955 967 1016 tamen
979 951 1082 1015 minus
1095 952 1208 1037 gravia
1220 957 1304 1033 sunt,

238 1076 390 1140 mulieres
421 1076 631 1156 committunt,
662 1075 689 1138 si
718 1075 864 1140 Laroniae
895 1077 1024 1140 credere
1048 1077 1096 1140 fas
1120 1081 1178 1142 est.
1225 1076 1305 1142 Cum

261 1204 349 1265 utem
384 1222 492 1266 eorum
527 1222 632 1280 causa,
668 1222 738 1284 quae
773 1202 866 1265 modo
901 1201 1074 1281 attulimus,
1110 1201 1206 1266 fidem
1237 1201 1303 1266 eius

237 1325 407 1410 paululum
429 1325 530 1388 minui
552 1325 811 1404 intellexerimus,
837 1325 876 1389 ad
900 1322 1084 1390 Iuvenalem
1099 1326 1216 1390 iterum
1228 1348 1303 1390 con·

242 1451 393 1536 fugimus.
438 1449 487 1513 Rc
520 1472 595 1515 vera
625 1451 710 1534 apud
733 1472 815 1529 eum,
840 1451 924 1534 quod
947 1451 1197 1534 suspicabamur,
1221 1450 1304 1515 iudi-

236 1576 326 1640 cium
347 1575 442 1661 longe
466 1575 662 1639 contrarium
683 1575 875 1640 invenimus:

285 1706 467 1817 componunt
489 1741 560 1816 ipsae
583 1761 636 1816 per
659 1759 689 1800 se
712 1741 901 1816 formantque
924 1741 1042 1800 libellos

284 1849 463 1925 principium
486 1851 576 1923 atque
599 1849 679 1907 locos
704 1846 787 1907 Celso
811 1847 922 1907 dictare
945 1850 1059 1923 paratae
1084 1845 1149 1919 (VI.
1176 1845 1262 1920 244).

238 2019 348 2104 Atque
372 2021 457 2084 infra
481 2017 523 2103 (v.
548 2019 641 2102 398):

346 2188 397 2246 sed
421 2190 521 2245 cantet
542 2187 652 2262 potina,
678 2207 769 2262 quam
791 2189 887 2244 totam
910 2187 1044 2261 pervolet
1066 2187 1172 2246 urbem

346 2295 444 2352 audax
468 2296 497 2352 et
521 2296 615 2352 coetus
638 2293 731 2370 possit
755 2311 821 2368 quae
844 2293 922 2350 ferre
945 2293 1089 2351 virorum.

221 2467 330 2576 ¹Adde
354 2467 397 2552 (v.
423 2467 515 2550 246);

346 2627 531 2694 endromidas
556 2635 660 2711 Tyrias
684 2637 714 2693 et
736 2634 898 2692 fensineum
921 2653 1037 2692 ceroma

346 2743 411 2818 quis
435 2742 545 2800 nescit?
568 2744 616 2800 vel
640 2743 706 2818 quis
730 2761 789 2800 non
812 2742 888 2800 vidit
910 2743 1034 2800 vulnera
1057 2741 1136 2817 pali?

345 2912 391 2978 Ut
419 2915 573 2993 videmus,
602 2911 761 2978 Iuvenalis
792 2915 831 2977 ad
859 2913 999 2998 singulos
1022 2935 1131 2977 versus
1155 2913 1298 2976 Laroniae

235 3040 428 3124 respondere
451 3062 514 3103 non
537 3040 655 3104 oblitus
679 3043 736 3104 est.
776 3037 878 3114 Quam
901 3039 1025 3102 obrem
1042 3037 1300 3101 cumLaroniam

237 3188 348 3229 sexum
378 3165 551 3228 femineum
575 3165 797 3228 defendentem
820 3163 854 3227 in
877 3185 1015 3228 scaenam
1038 3163 1212 3242 induceret,
1236 3184 1300 3226 non

236 3291 330 3354 modo
365 3287 455 3354 viros
483 3293 559 3354 nota
592 3290 777 3375 ignominia
814 3289 951 3353 afficere·
973 3288 1101 3352 volebat
1124 3289 1178 3351 sed
1203 3287 1300 3352 ctiam

236 3417 394 3480 vilitatem
416 3415 585 3480 mulierum
608 3416 744 3478 strictim
767 3437 825 3499 per
847 3415 983 3478 ironiam
1009 3413 1178 3498 attingere.
1213 3411 1298 3476 Hinc

231 3541 285 3606 illi
314 3563 423 3607 versus
451 3539 504 3623 (47
530 3542 613 3624 sqq.)
637 3541 750 3604 falsam
773 3540 912 3624 speciem
935 3539 1079 3604 veritatis
1103 3539 1297 3616 adferentes3

235 3667 311 3731 hinc
336 3667 470 3749 denique
494 3665 758 3751 praestantissima
780 3666 837 3730 illa
859 3667 966 3742 verba,
991 3664 1106 3746 quibus
1127 3663 1298 3726 Laroniam

232 3792 449 3876 querimonias
473 3813 546 3854 suas
570 3791 733 3854 finientem
756 3791 847 3856 facit:

396 3977 431 4034 de
455 3975 539 4034 nobis
562 3977 630 4050 post
653 3975 716 4032 haeo
739 3974 833 4032 tristis
857 3974 1002 4034 sententia
1026 3973 1136 4041 fertur3
1235 4035 1237 4041 ,

396 4083 447 4140 dat
470 4081 587 4141 veniam
611 4081 715 4151 corvis
740 4085 828 4140 vexat
852 4099 975 4140 censura
1000 4079 1161 4139 columbas
