<?xml version="1.0" encoding="UTF-8"?>
<!DOCTYPE html PUBLIC "-//W3C//DTD XHTML 1.0 Transitional//EN"
    "http://www.w3.org/TR/xhtml1/DTD/xhtml1-transitional.dtd">
<html xmlns="http://www.w3.org/1999/xhtml" xml:lang="en" lang="en">
 <head>
  <title>
</title>
<meta http-equiv="Content-Type" content="text/html;charset=utf-8" />
  <meta name='ocr-system' content='tesseract 3.04.00' />
  <meta name='ocr-capabilities' content='ocr_page ocr_carea ocr_par ocr_line ocrx_word'/>
</head>
<body>
  <div class='ocr_page' id='page_1' title='image "./deargumentidisp00grylgoog_0042.png"; bbox 0 0 2916 4834; ppageno 0'>
   <div class='ocr_carea' id='block_1_1' title="bbox 585 427 761 491">
    <p class='ocr_par' dir='ltr' id='par_1_1' title="bbox 585 427 761 491">
     <span class='ocr_line' id='line_1_1' title="bbox 585 427 761 491; baseline 0.011 -21"><span class='ocrx_word' id='word_1_1' title='bbox 585 427 761 491; x_wconf 67' lang='lat'><strong>-35„.</strong></span> 
     </span>
    </p>
   </div>
   <div class='ocr_carea' id='block_1_2' title="bbox 142 599 1211 687">
    <p class='ocr_par' dir='ltr' id='par_1_2' title="bbox 142 599 1211 687">
     <span class='ocr_line' id='line_1_2' title="bbox 142 599 1211 687; baseline 0 -19"><span class='ocrx_word' id='word_1_2' title='bbox 142 627 162 668; x_wconf 83' lang='lat' dir='ltr'>a</span> <span class='ocrx_word' id='word_1_3' title='bbox 196 624 285 680; x_wconf 75' lang='lat' dir='ltr'>voce,</span> <span class='ocrx_word' id='word_1_4' title='bbox 320 625 390 687; x_wconf 87' lang='lat' dir='ltr'>quae</span> <span class='ocrx_word' id='word_1_5' title='bbox 422 607 471 668; x_wconf 83' lang='lat' dir='ltr'>est</span> <span class='ocrx_word' id='word_1_6' title='bbox 500 603 563 682; x_wconf 85' lang='lat' dir='ltr'>hio,</span> <span class='ocrx_word' id='word_1_7' title='bbox 587 604 753 687; x_wconf 75' lang='lat' dir='ltr'>incipiunt,</span> <span class='ocrx_word' id='word_1_8' title='bbox 778 605 817 668; x_wconf 87' lang='lat' dir='ltr'>de</span> <span class='ocrx_word' id='word_1_9' title='bbox 840 604 918 668; x_wconf 81' lang='lat' dir='ltr'>viris</span> <span class='ocrx_word' id='word_1_10' title='bbox 942 626 1045 668; x_wconf 87' lang='lat' dir='ltr'>sermo</span> <span class='ocrx_word' id='word_1_11' title='bbox 1068 607 1126 668; x_wconf 78' lang='lat' dir='ltr'>est.</span> <span class='ocrx_word' id='word_1_12' title='bbox 1172 599 1211 668; x_wconf 88' lang='lat' dir='ltr'>Iu</span> 
     </span>
    </p>
   </div>
   <div class='ocr_carea' id='block_1_3' title="bbox 140 715 1220 1684">
    <p class='ocr_par' dir='ltr' id='par_1_3' title="bbox 140 715 1220 1684">
     <span class='ocr_line' id='line_1_3' title="bbox 141 715 1211 814; baseline -0.001 -21"><span class='ocrx_word' id='word_1_13' title='bbox 141 727 255 814; x_wconf 86' lang='lat' dir='ltr'>quinto</span> <span class='ocrx_word' id='word_1_14' title='bbox 279 730 387 794; x_wconf 85' lang='lat' dir='ltr'>autem</span> <span class='ocrx_word' id='word_1_15' title='bbox 411 729 449 795; x_wconf 87' lang='lat' dir='ltr'>de</span> <span class='ocrx_word' id='word_1_16' title='bbox 473 728 599 792; x_wconf 86' lang='lat' dir='ltr'>femina·</span> <span class='ocrx_word' id='word_1_17' title='bbox 617 729 671 814; x_wconf 84' lang='lat' dir='ltr'>agi</span> <span class='ocrx_word' id='word_1_18' title='bbox 694 729 718 792; x_wconf 91' lang='lat' dir='ltr'>ii</span> <span class='ocrx_word' id='word_1_19' title='bbox 742 729 946 809; x_wconf 81' lang='lat' dir='ltr'>contendunt,</span> <span class='ocrx_word' id='word_1_20' title='bbox 970 729 1026 812; x_wconf 90' lang='lat' dir='ltr'>qui</span> <span class='ocrx_word' id='word_1_21' title='bbox 1042 715 1211 792; x_wconf 75' lang='lat' dir='ltr'>lectionem</span> 
     </span>
     <span class='ocr_line' id='line_1_4' title="bbox 141 831 1220 918; baseline 0.001 -1"><span class='ocrx_word' id='word_1_22' title='bbox 141 831 223 918; x_wconf 84' lang='lat' dir='ltr'>haeo</span> <span class='ocrx_word' id='word_1_23' title='bbox 247 851 442 918; x_wconf 79' lang='lat' dir='ltr'><strong>Asianorum</strong></span> <span class='ocrx_word' id='word_1_24' title='bbox 477 855 538 918; x_wconf 87' lang='lat' dir='ltr'>oet.</span> <span class='ocrx_word' id='word_1_25' title='bbox 570 853 754 918; x_wconf 84' lang='lat' dir='ltr'>defendunt.</span> <span class='ocrx_word' id='word_1_26' title='bbox 800 851 863 918; x_wconf 77' lang='lat' dir='ltr'>sed</span> <span class='ocrx_word' id='word_1_27' title='bbox 891 854 1045 918; x_wconf 85' lang='lat' dir='ltr'>eiusmodi</span> <span class='ocrx_word' id='word_1_28' title='bbox 1067 853 1220 918; x_wconf 84' lang='lat' dir='ltr'>confusio</span> 
     </span>
     <span class='ocr_line' id='line_1_5' title="bbox 140 969 1212 1062; baseline -0.002 -20"><span class='ocrx_word' id='word_1_29' title='bbox 140 978 367 1062; x_wconf 87' lang='lat' dir='ltr'>pronominum</span> <span class='ocrx_word' id='word_1_30' title='bbox 396 982 429 1042; x_wconf 89' lang='lat' dir='ltr'>et</span> <span class='ocrx_word' id='word_1_31' title='bbox 451 978 522 1061; x_wconf 88' lang='lat' dir='ltr'>ipsa</span> <span class='ocrx_word' id='word_1_32' title='bbox 544 977 678 1042; x_wconf 86' lang='lat' dir='ltr'>molesta</span> <span class='ocrx_word' id='word_1_33' title='bbox 702 982 750 1041; x_wconf 81' lang='lat' dir='ltr'>est</span> <span class='ocrx_word' id='word_1_34' title='bbox 773 981 805 1042; x_wconf 86' lang='lat' dir='ltr'>et</span> <span class='ocrx_word' id='word_1_35' title='bbox 821 969 913 1042; x_wconf 49' lang='lat' dir='ltr'>&#39;haud</span> <span class='ocrx_word' id='word_1_36' title='bbox 928 979 1001 1042; x_wconf 83' lang='lat' dir='ltr'>&#39;soio</span> <span class='ocrx_word' id='word_1_37' title='bbox 1025 1001 1066 1041; x_wconf 84' lang='lat' dir='ltr'>an</span> <span class='ocrx_word' id='word_1_38' title='bbox 1088 977 1212 1041; x_wconf 77' lang='lat' dir='ltr'>nulium</span> 
     </span>
     <span class='ocr_line' id='line_1_6' title="bbox 144 1080 1211 1186; baseline 0.002 -20"><span class='ocrx_word' id='word_1_39' title='bbox 144 1080 282 1166; x_wconf 85' lang='lat' dir='ltr'>alterum</span> <span class='ocrx_word' id='word_1_40' title='bbox 311 1101 406 1166; x_wconf 75' lang='lat' dir='ltr'>huius</span> <span class='ocrx_word' id='word_1_41' title='bbox 430 1102 533 1165; x_wconf 85' lang='lat' dir='ltr'>simile</span> <span class='ocrx_word' id='word_1_42' title='bbox 558 1102 739 1184; x_wconf 84' lang='lat' dir='ltr'>exemplum</span> <span class='ocrx_word' id='word_1_43' title='bbox 762 1103 847 1186; x_wconf 86' lang='lat' dir='ltr'>apud</span> <span class='ocrx_word' id='word_1_44' title='bbox 868 1107 996 1186; x_wconf 85' lang='lat' dir='ltr'>poetam</span> <span class='ocrx_word' id='word_1_45' title='bbox 1019 1103 1211 1168; x_wconf 81' lang='lat' dir='ltr'>inveniatur.</span> 
     </span>
     <span class='ocr_line' id='line_1_7' title="bbox 143 1225 1211 1305; baseline 0 -15"><span class='ocrx_word' id='word_1_46' title='bbox 143 1225 248 1302; x_wconf 77' lang='lat' dir='ltr'>Quare</span> <span class='ocrx_word' id='word_1_47' title='bbox 272 1227 299 1290; x_wconf 88' lang='lat' dir='ltr'>si</span> <span class='ocrx_word' id='word_1_48' title='bbox 323 1227 387 1290; x_wconf 78' lang='lat' dir='ltr'>hoeo</span> <span class='ocrx_word' id='word_1_49' title='bbox 410 1227 517 1290; x_wconf 82' lang='lat' dir='ltr'>inhio</span> <span class='ocrx_word' id='word_1_50' title='bbox 540 1228 784 1305; x_wconf 64' lang='lat' dir='ltr'>correxerim,</span> <span class='ocrx_word' id='word_1_51' title='bbox 808 1227 876 1291; x_wconf 80' lang='lat' dir='ltr'>sine</span> <span class='ocrx_word' id='word_1_52' title='bbox 894 1227 989 1291; x_wconf 89' lang='lat' dir='ltr'>dubio</span> <span class='ocrx_word' id='word_1_53' title='bbox 1006 1229 1087 1291; x_wconf 88' lang='lat' dir='ltr'>bene</span> <span class='ocrx_word' id='word_1_54' title='bbox 1103 1249 1211 1291; x_wconf 89' lang='lat' dir='ltr'>emen-</span> 
     </span>
     <span class='ocr_line' id='line_1_8' title="bbox 144 1351 1211 1435; baseline -0.001 -19"><span class='ocrx_word' id='word_1_55' title='bbox 144 1352 305 1430; x_wconf 81' lang='lat' dir='ltr'>dabimus;</span> <span class='ocrx_word' id='word_1_56' title='bbox 329 1351 443 1415; x_wconf 85' lang='lat' dir='ltr'>melius</span> <span class='ocrx_word' id='word_1_57' title='bbox 467 1356 584 1430; x_wconf 87' lang='lat' dir='ltr'>autem,</span> <span class='ocrx_word' id='word_1_58' title='bbox 608 1352 636 1415; x_wconf 81' lang='lat' dir='ltr'>si</span> <span class='ocrx_word' id='word_1_59' title='bbox 659 1352 755 1415; x_wconf 87' lang='lat' dir='ltr'>aliam</span> <span class='ocrx_word' id='word_1_60' title='bbox 777 1351 955 1432; x_wconf 84' lang='lat' dir='ltr'>lectionem,</span> <span class='ocrx_word' id='word_1_61' title='bbox 980 1374 1051 1435; x_wconf 82' lang='lat' dir='ltr'>quae</span> <span class='ocrx_word' id='word_1_62' title='bbox 1075 1352 1109 1414; x_wconf 91' lang='lat' dir='ltr'>in</span> <span class='ocrx_word' id='word_1_63' title='bbox 1128 1351 1211 1415; x_wconf 81' lang='lat' dir='ltr'>mu]-</span> 
     </span>
     <span class='ocr_line' id='line_1_9' title="bbox 142 1453 1212 1559; baseline 0 -19"><span class='ocrx_word' id='word_1_64' title='bbox 142 1477 185 1540; x_wconf 83' lang='lat' dir='ltr'>tis</span> <span class='ocrx_word' id='word_1_65' title='bbox 220 1477 311 1540; x_wconf 86' lang='lat' dir='ltr'><strong>codd.</strong></span> <span class='ocrx_word' id='word_1_66' title='bbox 347 1479 396 1540; x_wconf 86' lang='lat' dir='ltr'>est</span> <span class='ocrx_word' id='word_1_67' title='bbox 426 1474 475 1558; x_wconf 87' lang='lat' dir='ltr'>(ut</span> <span class='ocrx_word' id='word_1_68' title='bbox 503 1477 538 1544; x_wconf 87' lang='lat' dir='ltr'>in</span> <span class='ocrx_word' id='word_1_69' title='bbox 560 1499 645 1542; x_wconf 87' lang='lat' dir='ltr'>man.</span> <span class='ocrx_word' id='word_1_70' title='bbox 669 1453 731 1541; x_wconf 76' lang='lat' dir='ltr'>seo.</span> <span class='ocrx_word' id='word_1_71' title='bbox 755 1475 792 1557; x_wconf 85' lang='lat' dir='ltr'>P,</span> <span class='ocrx_word' id='word_1_72' title='bbox 817 1477 961 1541; x_wconf 83' lang='lat' dir='ltr'>omnibus</span> <span class='ocrx_word' id='word_1_73' title='bbox 985 1475 1101 1559; x_wconf 70' lang='lat' dir='ltr'>Paria)</span> <span class='ocrx_word' id='word_1_74' title='bbox 1124 1498 1212 1540; x_wconf 88' lang='lat' dir='ltr'>reoe-</span> 
     </span>
     <span class='ocr_line' id='line_1_10' title="bbox 141 1601 482 1684; baseline -0.003 -19"><span class='ocrx_word' id='word_1_75' title='bbox 141 1601 295 1684; x_wconf 72' lang='lat' dir='ltr'>perimua</span> <span class='ocrx_word' id='word_1_76' title='bbox 343 1601 403 1664; x_wconf 76' lang='lat' dir='ltr'>nst</span> <span class='ocrx_word' id='word_1_77' title='bbox 426 1601 482 1664; x_wconf 87' lang='lat' dir='ltr'>illa</span> 
     </span>
    </p>
   </div>
   <div class='ocr_carea' id='block_1_4' title="bbox 303 1767 1032 1842">
    <p class='ocr_par' dir='ltr' id='par_1_4' title="bbox 303 1767 1032 1842">
     <span class='ocr_line' id='line_1_11' title="bbox 303 1767 1032 1842; baseline 0.003 -18"><span class='ocrx_word' id='word_1_78' title='bbox 303 1767 560 1842; x_wconf 85' lang='lat' dir='ltr'>phaeoasianorum</span> <span class='ocrx_word' id='word_1_79' title='bbox 583 1771 685 1828; x_wconf 84' lang='lat' dir='ltr'>vetera</span> <span class='ocrx_word' id='word_1_80' title='bbox 709 1771 885 1831; x_wconf 86' lang='lat' dir='ltr'>ornamenta</span> <span class='ocrx_word' id='word_1_81' title='bbox 909 1768 1032 1826; x_wconf 88' lang='lat' dir='ltr'>deorum</span> 
     </span>
    </p>
   </div>
   <div class='ocr_carea' id='block_1_5' title="bbox 129 1920 1270 2256">
    <p class='ocr_par' dir='ltr' id='par_1_5' title="bbox 129 1920 1270 2256">
     <span class='ocr_line' id='line_1_12' title="bbox 142 1920 1212 2006; baseline -0.002 -20"><span class='ocrx_word' id='word_1_82' title='bbox 142 1922 227 2004; x_wconf 91' lang='lat' dir='ltr'>quod</span> <span class='ocrx_word' id='word_1_83' title='bbox 256 1923 391 1986; x_wconf 82' lang='lat' dir='ltr'>verbum</span> <span class='ocrx_word' id='word_1_84' title='bbox 421 1923 532 2004; x_wconf 85' lang='lat' dir='ltr'>aptum</span> <span class='ocrx_word' id='word_1_85' title='bbox 561 1922 689 1986; x_wconf 83' lang='lat' dir='ltr'>videtur</span> <span class='ocrx_word' id='word_1_86' title='bbox 718 1923 758 1986; x_wconf 86' lang='lat' dir='ltr'>ad</span> <span class='ocrx_word' id='word_1_87' title='bbox 781 1923 857 1986; x_wconf 82' lang='lat' dir='ltr'>deos</span> <span class='ocrx_word' id='word_1_88' title='bbox 881 1920 1064 1986; x_wconf 75' lang='lat' dir='ltr'>Graecorum</span> <span class='ocrx_word' id='word_1_89' title='bbox 1087 1921 1212 2006; x_wconf 77' lang='lat' dir='ltr'>signifi-</span> 
     </span>
     <span class='ocr_line' id='line_1_13' title="bbox 129 2025 1212 2131; baseline 0 -22"><span class='ocrx_word' id='word_1_90' title='bbox 129 2025 271 2112; x_wconf 54' lang='lat' dir='ltr'>pandos.</span> <span class='ocrx_word' id='word_1_91' title='bbox 317 2042 356 2108; x_wconf 89' lang='lat' dir='ltr'>Iu</span> <span class='ocrx_word' id='word_1_92' title='bbox 378 2046 538 2130; x_wconf 87' lang='lat' dir='ltr'>principio</span> <span class='ocrx_word' id='word_1_93' title='bbox 561 2049 621 2111; x_wconf 85' lang='lat' dir='ltr'>sat.</span> <span class='ocrx_word' id='word_1_94' title='bbox 645 2043 688 2110; x_wconf 90' lang='grc' dir='ltr'>ΙΙ.</span> <span class='ocrx_word' id='word_1_95' title='bbox 712 2051 808 2130; x_wconf 88' lang='lat' dir='ltr'>poeta</span> <span class='ocrx_word' id='word_1_96' title='bbox 832 2045 870 2110; x_wconf 81' lang='lat' dir='ltr'>de</span> <span class='ocrx_word' id='word_1_97' title='bbox 891 2046 992 2131; x_wconf 86' lang='lat' dir='ltr'>signis</span> <span class='ocrx_word' id='word_1_98' title='bbox 1008 2045 1212 2128; x_wconf 88' lang='lat' dir='ltr'>philosopho-</span> 
     </span>
     <span class='ocr_line' id='line_1_14' title="bbox 143 2171 1270 2256; baseline 0 -22"><span class='ocrx_word' id='word_1_99' title='bbox 143 2193 217 2235; x_wconf 85' lang='lat' dir='ltr'>rum</span> <span class='ocrx_word' id='word_1_100' title='bbox 251 2171 435 2236; x_wconf 83' lang='lat' dir='ltr'>Graeoorum</span> <span class='ocrx_word' id='word_1_101' title='bbox 465 2171 619 2255; x_wconf 78' lang='lat' dir='ltr'>loquitur:</span> <span class='ocrx_word' id='word_1_102' title='bbox 651 2171 711 2236; x_wconf 91' lang='lat' dir='ltr'>hoo</span> <span class='ocrx_word' id='word_1_103' title='bbox 732 2171 815 2250; x_wconf 87' lang='lat' dir='ltr'>looo,</span> <span class='ocrx_word' id='word_1_104' title='bbox 840 2171 878 2235; x_wconf 88' lang='lat' dir='ltr'>de</span> <span class='ocrx_word' id='word_1_105' title='bbox 902 2193 963 2254; x_wconf 91' lang='lat' dir='ltr'>quo</span> <span class='ocrx_word' id='word_1_106' title='bbox 987 2185 1069 2235; x_wconf 88' lang='lat' dir='ltr'>nuno</span> <span class='ocrx_word' id='word_1_107' title='bbox 1094 2171 1211 2256; x_wconf 80' lang='lat' dir='ltr'>agitur,</span> <span class='ocrx_word' id='word_1_108' title='bbox 1264 2190 1270 2205; x_wconf 57' lang='lat' dir='ltr'><em>s</em></span> 
     </span>
    </p>
   </div>
   <div class='ocr_carea' id='block_1_6' title="bbox 142 2295 1322 2388">
    <p class='ocr_par' dir='ltr' id='par_1_6' title="bbox 142 2295 1322 2388">
     <span class='ocr_line' id='line_1_15' title="bbox 142 2295 1322 2388; baseline 0.002 -30"><span class='ocrx_word' id='word_1_109' title='bbox 142 2295 237 2380; x_wconf 77' lang='lat' dir='ltr'>signa</span> <span class='ocrx_word' id='word_1_110' title='bbox 271 2295 402 2388; x_wconf 73' lang='lat' dir='ltr'>deorum</span> <span class='ocrx_word' id='word_1_111' title='bbox 425 2319 444 2359; x_wconf 87' lang='lat' dir='ltr'>a</span> <span class='ocrx_word' id='word_1_112' title='bbox 466 2296 614 2360; x_wconf 85' lang='lat' dir='ltr'>maximis</span> <span class='ocrx_word' id='word_1_113' title='bbox 638 2296 814 2360; x_wconf 84' lang='lat' dir='ltr'>artificibus</span> <span class='ocrx_word' id='word_1_114' title='bbox 838 2295 1000 2359; x_wconf 86' lang='lat' dir='ltr'>elaborata</span> <span class='ocrx_word' id='word_1_115' title='bbox 1023 2317 1212 2360; x_wconf 84' lang='lat' dir='ltr'>commemo·</span> <span class='ocrx_word' id='word_1_116' title='bbox 1319 2362 1322 2368; x_wconf 79' lang='grc'><em>,</em></span> 
     </span>
    </p>
   </div>
   <div class='ocr_carea' id='block_1_7' title="bbox 142 2417 1212 2877">
    <p class='ocr_par' dir='ltr' id='par_1_7' title="bbox 142 2417 1212 2877">
     <span class='ocr_line' id='line_1_16' title="bbox 142 2417 1212 2502; baseline 0.001 -20"><span class='ocrx_word' id='word_1_117' title='bbox 142 2423 266 2491; x_wconf 86' lang='lat' dir='ltr'>rantur.</span> <span class='ocrx_word' id='word_1_118' title='bbox 312 2417 375 2484; x_wconf 77' lang='lat' dir='ltr'>Sed</span> <span class='ocrx_word' id='word_1_119' title='bbox 398 2423 508 2500; x_wconf 84' lang='lat' dir='ltr'>restat,</span> <span class='ocrx_word' id='word_1_120' title='bbox 533 2422 568 2501; x_wconf 87' lang='lat' dir='ltr'>ut</span> <span class='ocrx_word' id='word_1_121' title='bbox 588 2420 762 2500; x_wconf 74' lang='lat' dir='ltr'>rideamne,</span> <span class='ocrx_word' id='word_1_122' title='bbox 779 2419 862 2483; x_wconf 86' lang='lat' dir='ltr'>sitne</span> <span class='ocrx_word' id='word_1_123' title='bbox 879 2420 1014 2484; x_wconf 88' lang='lat' dir='ltr'>alterum</span> <span class='ocrx_word' id='word_1_124' title='bbox 1031 2420 1212 2502; x_wconf 86' lang='lat' dir='ltr'>exemplum</span> 
     </span>
     <span class='ocr_line' id='line_1_17' title="bbox 145 2541 1211 2634; baseline 0 -27"><span class='ocrx_word' id='word_1_125' title='bbox 145 2545 230 2627; x_wconf 86' lang='lat' dir='ltr'>apud</span> <span class='ocrx_word' id='word_1_126' title='bbox 265 2541 460 2624; x_wconf 71' lang='lat' dir='ltr'>Iuvenalem,</span> <span class='ocrx_word' id='word_1_127' title='bbox 495 2545 551 2608; x_wconf 86' lang='lat' dir='ltr'>ubi</span> <span class='ocrx_word' id='word_1_128' title='bbox 583 2545 617 2608; x_wconf 88' lang='lat' dir='ltr'>iu</span> <span class='ocrx_word' id='word_1_129' title='bbox 641 2544 761 2634; x_wconf 77' lang='lat' dir='ltr'>figura,</span> <span class='ocrx_word' id='word_1_130' title='bbox 790 2565 861 2628; x_wconf 84' lang='lat' dir='ltr'>quae</span> <span class='ocrx_word' id='word_1_131' title='bbox 885 2544 1047 2628; x_wconf 81' lang='lat' dir='ltr'>anaphora</span> <span class='ocrx_word' id='word_1_132' title='bbox 1070 2547 1211 2622; x_wconf 84' lang='lat' dir='ltr'>vocatur,</span> 
     </span>
     <span class='ocr_line' id='line_1_18' title="bbox 142 2667 1212 2753; baseline 0 -21"><span class='ocrx_word' id='word_1_133' title='bbox 142 2669 251 2732; x_wconf 86' lang='lat' dir='ltr'>media</span> <span class='ocrx_word' id='word_1_134' title='bbox 272 2669 307 2731; x_wconf 90' lang='lat' dir='ltr'>in</span> <span class='ocrx_word' id='word_1_135' title='bbox 329 2669 518 2752; x_wconf 72' lang='lat' dir='ltr'>repetitione</span> <span class='ocrx_word' id='word_1_136' title='bbox 534 2691 663 2733; x_wconf 85' lang='lat' dir='ltr'>versum</span> <span class='ocrx_word' id='word_1_137' title='bbox 678 2669 886 2747; x_wconf 71' lang='lat' dir='ltr'>inveniamur,</span> <span class='ocrx_word' id='word_1_138' title='bbox 904 2669 959 2753; x_wconf 92' lang='lat' dir='ltr'>qui</span> <span class='ocrx_word' id='word_1_139' title='bbox 974 2670 1107 2733; x_wconf 81' lang='lat' dir='ltr'>tortasse</span> <span class='ocrx_word' id='word_1_140' title='bbox 1124 2667 1212 2732; x_wconf 85' lang='lat' dir='ltr'>salvo</span> 
     </span>
     <span class='ocr_line' id='line_1_19' title="bbox 142 2790 942 2877; baseline 0.003 -21"><span class='ocrx_word' id='word_1_141' title='bbox 142 2815 240 2857; x_wconf 87' lang='lat' dir='ltr'>sensu</span> <span class='ocrx_word' id='word_1_142' title='bbox 263 2793 368 2857; x_wconf 87' lang='lat' dir='ltr'>omitti</span> <span class='ocrx_word' id='word_1_143' title='bbox 390 2794 556 2876; x_wconf 83' lang='lat' dir='ltr'>potuisset.</span> <span class='ocrx_word' id='word_1_144' title='bbox 602 2793 662 2858; x_wconf 80' lang='lat' dir='ltr'>Est</span> <span class='ocrx_word' id='word_1_145' title='bbox 683 2790 760 2859; x_wconf 86' lang='lat' dir='ltr'>VII.</span> <span class='ocrx_word' id='word_1_146' title='bbox 785 2794 848 2858; x_wconf 84' lang='lat'>190</span> <span class='ocrx_word' id='word_1_147' title='bbox 873 2815 942 2877; x_wconf 83' lang='lat' dir='ltr'><strong>sqq.</strong></span> 
     </span>
    </p>
   </div>
   <div class='ocr_carea' id='block_1_8' title="bbox 305 2977 1044 3384">
    <p class='ocr_par' dir='ltr' id='par_1_8' title="bbox 305 2977 1044 3384">
     <span class='ocr_line' id='line_1_20' title="bbox 459 2977 998 3054; baseline -0.002 -19"><span class='ocrx_word' id='word_1_148' title='bbox 459 3038 462 3048; x_wconf 64' lang='grc'>,</span> <span class='ocrx_word' id='word_1_149' title='bbox 575 2977 646 3036; x_wconf 81' lang='lat' dir='ltr'><strong>felix</strong></span> <span class='ocrx_word' id='word_1_150' title='bbox 669 2981 699 3036; x_wconf 87' lang='lat' dir='ltr'>et</span> <span class='ocrx_word' id='word_1_151' title='bbox 721 2978 845 3054; x_wconf 82' lang='lat' dir='ltr'>pulcher</span> <span class='ocrx_word' id='word_1_152' title='bbox 869 2980 899 3035; x_wconf 85' lang='lat' dir='ltr'>et</span> <span class='ocrx_word' id='word_1_153' title='bbox 922 2996 998 3048; x_wconf 82' lang='lat' dir='ltr'>acer,</span> 
     </span>
     <span class='ocr_line' id='line_1_21' title="bbox 309 3083 1000 3162; baseline 0.001 -21"><span class='ocrx_word' id='word_1_154' title='bbox 309 3083 379 3141; x_wconf 83' lang='lat' dir='ltr'>felix</span> <span class='ocrx_word' id='word_1_155' title='bbox 403 3085 432 3141; x_wconf 86' lang='lat' dir='ltr'>et</span> <span class='ocrx_word' id='word_1_156' title='bbox 456 3083 571 3162; x_wconf 88' lang='lat' dir='ltr'>sapiens</span> <span class='ocrx_word' id='word_1_157' title='bbox 596 3086 625 3142; x_wconf 89' lang='lat' dir='ltr'>et</span> <span class='ocrx_word' id='word_1_158' title='bbox 647 3085 754 3143; x_wconf 89' lang='lat' dir='ltr'>nobilis</span> <span class='ocrx_word' id='word_1_159' title='bbox 778 3086 809 3142; x_wconf 90' lang='lat' dir='ltr'>et</span> <span class='ocrx_word' id='word_1_160' title='bbox 830 3103 1000 3160; x_wconf 72' lang='lat' dir='ltr'>gemmam,</span> 
     </span>
     <span class='ocr_line' id='line_1_22' title="bbox 309 3190 998 3266; baseline 0.001 -19"><span class='ocrx_word' id='word_1_161' title='bbox 309 3190 476 3266; x_wconf 86' lang='lat' dir='ltr'>appositam</span> <span class='ocrx_word' id='word_1_162' title='bbox 499 3191 593 3266; x_wconf 85' lang='lat' dir='ltr'>nigrae</span> <span class='ocrx_word' id='word_1_163' title='bbox 616 3191 719 3248; x_wconf 83' lang='lat' dir='ltr'>lunam</span> <span class='ocrx_word' id='word_1_164' title='bbox 742 3190 873 3248; x_wconf 82' lang='lat' dir='ltr'>subtexit</span> <span class='ocrx_word' id='word_1_165' title='bbox 897 3192 998 3260; x_wconf 83' lang='lat' dir='ltr'>alutae,</span> 
     </span>
     <span class='ocr_line' id='line_1_23' title="bbox 305 3297 1044 3384; baseline 0.001 -30"><span class='ocrx_word' id='word_1_166' title='bbox 305 3297 376 3355; x_wconf 81' lang='lat' dir='ltr'><strong>felix</strong></span> <span class='ocrx_word' id='word_1_167' title='bbox 399 3301 502 3356; x_wconf 88' lang='lat' dir='ltr'>orator</span> <span class='ocrx_word' id='word_1_168' title='bbox 524 3317 644 3384; x_wconf 82' lang='lat' dir='ltr'>quoque</span> <span class='ocrx_word' id='word_1_169' title='bbox 667 3297 812 3384; x_wconf 69' lang='lat' dir='ltr'>munimus</span> <span class='ocrx_word' id='word_1_170' title='bbox 836 3300 866 3355; x_wconf 87' lang='lat' dir='ltr'>et</span> <span class='ocrx_word' id='word_1_171' title='bbox 888 3297 1044 3355; x_wconf 82' lang='lat' dir='ltr'>iaculator.</span> 
     </span>
    </p>
   </div>
   <div class='ocr_carea' id='block_1_9' title="bbox 144 3463 1212 3552">
    <p class='ocr_par' dir='ltr' id='par_1_9' title="bbox 144 3463 1212 3552">
     <span class='ocr_line' id='line_1_24' title="bbox 144 3463 1212 3552; baseline 0 -20"><span class='ocrx_word' id='word_1_172' title='bbox 144 3467 207 3544; x_wconf 82' lang='lat' dir='ltr'>Qui</span> <span class='ocrx_word' id='word_1_173' title='bbox 241 3490 351 3532; x_wconf 81' lang='lat' dir='ltr'>versus</span> <span class='ocrx_word' id='word_1_174' title='bbox 387 3491 484 3552; x_wconf 92' lang='lat' dir='ltr'>quam</span> <span class='ocrx_word' id='word_1_175' title='bbox 511 3469 630 3534; x_wconf 83' lang='lat' dir='ltr'>similes</span> <span class='ocrx_word' id='word_1_176' title='bbox 654 3491 762 3534; x_wconf 83' lang='lat' dir='ltr'>eorum</span> <span class='ocrx_word' id='word_1_177' title='bbox 785 3469 863 3534; x_wconf 86' lang='lat' dir='ltr'>faeti</span> <span class='ocrx_word' id='word_1_178' title='bbox 886 3469 959 3548; x_wconf 85' lang='lat' dir='ltr'>sint,</span> <span class='ocrx_word' id='word_1_179' title='bbox 984 3468 1039 3552; x_wconf 90' lang='lat' dir='ltr'>qui</span> <span class='ocrx_word' id='word_1_180' title='bbox 1062 3463 1122 3532; x_wconf 90' lang='lat' dir='ltr'>III.</span> <span class='ocrx_word' id='word_1_181' title='bbox 1148 3469 1212 3532; x_wconf 80' lang='lat'>216</span> 
     </span>
    </p>
   </div>
   <div class='ocr_carea' id='block_1_10' title="bbox 144 3592 1347 3678">
    <p class='ocr_par' dir='ltr' id='par_1_10' title="bbox 144 3592 1347 3678">
     <span class='ocr_line' id='line_1_25' title="bbox 144 3592 1347 3678; baseline 0 -22"><span class='ocrx_word' id='word_1_182' title='bbox 144 3615 217 3676; x_wconf 87' lang='lat' dir='ltr'><strong>sqq.</strong></span> <span class='ocrx_word' id='word_1_183' title='bbox 240 3593 403 3678; x_wconf 83' lang='lat' dir='ltr'>leguntur,</span> <span class='ocrx_word' id='word_1_184' title='bbox 427 3593 531 3676; x_wconf 90' lang='lat' dir='ltr'>primo</span> <span class='ocrx_word' id='word_1_185' title='bbox 555 3597 687 3676; x_wconf 82' lang='lat' dir='ltr'>aspectu</span> <span class='ocrx_word' id='word_1_186' title='bbox 709 3593 813 3677; x_wconf 84' lang='lat' dir='ltr'>quivis</span> <span class='ocrx_word' id='word_1_187' title='bbox 836 3593 930 3657; x_wconf 78' lang='lat' dir='ltr'>facile</span> <span class='ocrx_word' id='word_1_188' title='bbox 954 3592 1125 3677; x_wconf 82' lang='lat' dir='ltr'>intellegit.</span> <span class='ocrx_word' id='word_1_189' title='bbox 1236 3603 1238 3606; x_wconf 82' lang='grc'><strong>’</strong></span> <span class='ocrx_word' id='word_1_190' title='bbox 1342 3647 1347 3656; x_wconf 82' lang='lat'>.</span> 
     </span>
    </p>
   </div>
   <div class='ocr_carea' id='block_1_11' title="bbox 140 3715 1213 4175">
    <p class='ocr_par' dir='ltr' id='par_1_11' title="bbox 140 3715 1213 4175">
     <span class='ocr_line' id='line_1_26' title="bbox 253 3715 1212 3801; baseline 0 -21"><span class='ocrx_word' id='word_1_191' title='bbox 253 3715 331 3781; x_wconf 85' lang='lat' dir='ltr'>Post</span> <span class='ocrx_word' id='word_1_192' title='bbox 353 3717 510 3797; x_wconf 85' lang='lat' dir='ltr'>incendia,</span> <span class='ocrx_word' id='word_1_193' title='bbox 535 3718 687 3801; x_wconf 79' lang='lat' dir='ltr'>strepitus</span> <span class='ocrx_word' id='word_1_194' title='bbox 710 3717 844 3783; x_wconf 84' lang='lat' dir='ltr'>viarum.</span> <span class='ocrx_word' id='word_1_195' title='bbox 890 3715 991 3782; x_wconf 86' lang='lat' dir='ltr'>Miror</span> <span class='ocrx_word' id='word_1_196' title='bbox 1012 3720 1121 3780; x_wconf 87' lang='lat' dir='ltr'>tamen</span> <span class='ocrx_word' id='word_1_197' title='bbox 1135 3739 1212 3801; x_wconf 90' lang='lat' dir='ltr'>poe-</span> 
     </span>
     <span class='ocr_line' id='line_1_27' title="bbox 142 3838 1213 3925; baseline 0 -21"><span class='ocrx_word' id='word_1_198' title='bbox 142 3845 222 3921; x_wconf 83' lang='lat' dir='ltr'>tam,</span> <span class='ocrx_word' id='word_1_199' title='bbox 257 3844 427 3925; x_wconf 76' lang='lat' dir='ltr'>postquam</span> <span class='ocrx_word' id='word_1_200' title='bbox 462 3862 590 3906; x_wconf 83' lang='lat' dir='ltr'>oausam</span> <span class='ocrx_word' id='word_1_201' title='bbox 624 3841 751 3906; x_wconf 85' lang='lat' dir='ltr'>solitam</span> <span class='ocrx_word' id='word_1_202' title='bbox 785 3842 888 3907; x_wconf 87' lang='lat' dir='ltr'>morbi</span> <span class='ocrx_word' id='word_1_203' title='bbox 920 3841 1064 3906; x_wconf 87' lang='lat' dir='ltr'>attulerit</span> <span class='ocrx_word' id='word_1_204' title='bbox 1092 3838 1213 3922; x_wconf 76' lang='lat' dir='ltr'>(eibum</span> 
     </span>
     <span class='ocr_line' id='line_1_28' title="bbox 142 3965 1212 4049; baseline -0.003 -18"><span class='ocrx_word' id='word_1_205' title='bbox 142 3966 369 4049; x_wconf 81' lang='lat' dir='ltr'>imperfectum</span> <span class='ocrx_word' id='word_1_206' title='bbox 394 3969 426 4030; x_wconf 89' lang='lat' dir='ltr'>et</span> <span class='ocrx_word' id='word_1_207' title='bbox 448 3966 625 4030; x_wconf 85' lang='lat' dir='ltr'>haerentem</span> <span class='ocrx_word' id='word_1_208' title='bbox 649 3966 774 4037; x_wconf 87' lang='lat' dir='ltr'>ardenti</span> <span class='ocrx_word' id='word_1_209' title='bbox 797 3965 982 4048; x_wconf 78' lang='lat' dir='ltr'>stomacho),</span> <span class='ocrx_word' id='word_1_210' title='bbox 1003 3965 1113 4030; x_wconf 85' lang='lat' dir='ltr'>statim</span> <span class='ocrx_word' id='word_1_211' title='bbox 1129 3965 1212 4029; x_wconf 85' lang='lat' dir='ltr'>hano</span> 
     </span>
     <span class='ocr_line' id='line_1_29' title="bbox 140 4088 1213 4175; baseline -0.003 -20"><span class='ocrx_word' id='word_1_212' title='bbox 140 4111 255 4156; x_wconf 81' lang='lat' dir='ltr'>veram</span> <span class='ocrx_word' id='word_1_213' title='bbox 278 4111 346 4154; x_wconf 84' lang='lat' dir='ltr'>esse</span> <span class='ocrx_word' id='word_1_214' title='bbox 375 4111 495 4175; x_wconf 84' lang='lat' dir='ltr'>negare</span> <span class='ocrx_word' id='word_1_215' title='bbox 525 4095 557 4154; x_wconf 89' lang='lat' dir='ltr'>et</span> <span class='ocrx_word' id='word_1_216' title='bbox 580 4089 677 4154; x_wconf 83' lang='lat' dir='ltr'>aliam</span> <span class='ocrx_word' id='word_1_217' title='bbox 700 4090 824 4154; x_wconf 86' lang='lat' dir='ltr'>adferre</span> <span class='ocrx_word' id='word_1_218' title='bbox 848 4088 1020 4172; x_wconf 88' lang='lat' dir='ltr'>(raedarum</span> <span class='ocrx_word' id='word_1_219' title='bbox 1042 4089 1213 4153; x_wconf 85' lang='lat' dir='ltr'>transitum</span> 
     </span>
    </p>
   </div>
   <div class='ocr_carea' id='block_1_12' title="bbox 0 0 1463 4834">
    <p class='ocr_par' dir='ltr' id='par_1_12' title="bbox 0 0 1463 4834">
     <span class='ocr_line' id='line_1_30' title="bbox 0 0 1463 4834; baseline 0 0"><span class='ocrx_word' id='word_1_220' title='bbox 0 0 1463 4834; x_wconf 95' lang='lat' dir='ltr'> </span> 
     </span>
    </p>
   </div>
  </div>
 </body>
</html>
