2916 4834
647 1384 799 1495 Satira
836 1385 889 1495 Η.

343 1611 418 1681 Non
442 1618 577 1700 amplius
600 1621 636 1680 ut
657 1617 691 1680 in
713 1617 818 1700 priore
843 1619 881 1681 de
904 1617 1001 1680 variis
1025 1619 1119 1682 rebus
1140 1621 1235 1700 poeta
1249 1617 1302 1682 lo-

237 1742 355 1826 quitur,
386 1743 441 1806 sed
470 1742 540 1806 haec
564 1743 662 1805 satira
686 1743 725 1806 ad
749 1746 871 1806 certum
894 1743 1053 1824 quoddam
1076 1745 1301 1827 argumentum

237 1867 367 1931 redacta
397 1870 455 1932 est.
501 1865 671 1950 Proposuit
698 1866 759 1930 sibi
782 1863 952 1945 luvenalis,
976 1870 1012 1929 ut
1034 1889 1137 1930 mores
1160 1866 1319 1931 viromm'

238 1995 402 2075 corruptos
426 1992 625 2075 depingeret.
671 1988 709 2054 Id
731 2013 806 2055 vero
830 1994 950 2073 quanta
974 1995 1042 2054 arte
1066 1991 1180 2055 fecerit
1203 2014 1300 2056 unus·

238 2117 371 2200 quisque
406 2115 612 2180 seraversus
636 2116 712 2178 satis
736 2119 881 2180 testatur.
928 2113 1033 2180 Satira
1055 2112 1089 2178 Π
1111 2137 1175 2180 non
1198 2116 1299 2179 multa

237 2241 345 2320 hahet,
381 2262 451 2325 quae
487 2241 732 2324 explicationem
765 2242 954 2306 desiderent.
1000 2239 1053 2304 Ad
1076 2241 1203 2326 singula
1225 2263 1301 2304 mox

237 2367 414 2444 veniemus3
444 2370 537 2430 antea
560 2367 598 2430 de
622 2367 770 2430 universa
792 2366 935 2429 materiae
964 2366 1166 2449 dispositione
1191 2365 1300 2430 dicen-

239 2493 313 2554 dum
337 2496 393 2555 est.

344 2612 382 2677 In
404 2618 554 2698 quattuor
576 2618 684 2697 partes
707 2613 790 2677 hanc
814 2614 945 2677 satiram
968 2614 1145 2698 dividamus
1169 2635 1298 2678 necesse

238 2743 296 2805 est.
342 2735 380 2802 In
413 2740 517 2824 prima
551 2742 646 2822 poeta
679 2739 770 2803 nobis
804 2743 876 2802 ante
905 2738 1012 2802 oculos
1035 2739 1124 2821 ponit
1148 2739 1299 2804 obscenos

237 2866 316 2928 istos
338 2865 434 2944 viroS,
459 2864 573 2946 quibus
596 2862 701 2926 nullus
724 2863 813 2926 vicus
829 2863 893 2926 illis
909 2863 1104 2946 temporibus
1120 2885 1182 2926 non
1199 2865 1299 2928 abun-

238 2989 343 3068 dabat,
368 3010 483 3071 eosque
508 2989 627 3052 frustra
643 2988 752 3051 conari
767 2987 847 3052 vitia
862 3009 920 3051 sua
936 2987 1134 3051 dissimulare
1151 2987 1298 3051 ostendit.

237 3112 412 3196 Postquam
434 3135 536 3177 mores
561 3134 670 3177 eorum
685 3113 762 3176 satis
778 3112 947 3176 manifesto
961 3111 996 3174 in
1011 3111 1115 3175 lucem
1130 3111 1298 3196 protraxit,

237 3238 271 3301 in
304 3241 395 3321 parte
426 3238 564 3302 secunda
594 3237 765 3301 Laroniam
787 3237 925 3321 impetus
949 3235 1115 3300 incorum
1139 3239 1300 3300 catervam

237 3363 409 3427 facientem
431 3362 563 3428 inducit.
609 3360 662 3429 Ad
684 3363 783 3426 verba
805 3360 952 3425 Laroniae
977 3381 1049 3424 cum
1069 3360 1150 3424 nihi]
1166 3381 1298 3444 respon-

238 3489 312 3552 dere
336 3489 473 3552 audeant
495 3488 556 3551 viri
578 3487 728 3565 lacessiti,
753 3487 821 3569 ipse
845 3486 879 3548 in
901 3488 993 3568 parte
1016 3486 1111 3549 tertia
1132 3485 1298 3570 ostendere

237 3612 357 3697 pergit,
381 3634 477 3696 quam
500 3612 581 3676 iuste
605 3611 640 3674 hi
655 3612 876 3694 vituperentur
892 3609 1101 3692 exemplaque
1118 3609 1300 3694 graviorum
1348 3633 1351 3638 ·

238 3738 335 3801 etiam
370 3737 526 3800 scelerum
558 3736 655 3799 addit.
702 3733 762 3798 His
785 3735 883 3816 tantis
906 3733 993 3798 vitiis
1016 3732 1143 3796 nudatis
1168 3733 1300 3796 damna-

237 3861 398 3945 tisquein
421 3863 536 3944 quarta
559 3860 694 3942 denique
717 3863 808 3942 parte
833 3862 930 3941 poeta
953 3861 1027 3940 apte
1051 3877 1120 3920 sese
1144 3856 1301 3920 convertit

238 3987 278 4050 ad
301 4006 410 4050 manes
434 4007 552 4064 eorum,
577 3985 692 4067 quibus
716 3983 906 4068 contigerat,
929 3986 965 4045 ut
990 3984 1084 4045 aetate
1108 3979 1250 4044 feliciore
1266 3979 1300 4042 in

202 4179 207 4190 ,
236 4111 331 4175 terris
353 4110 508 4189 viverent,
538 4114 666 4173 etcum
689 4127 806 4192 magno
830 4106 935 4171 dolore
960 4105 1057 4185 addit,
1082 4104 1208 4170 omnino
1231 4104 1301 4168 fieri
