2916 4834
253 371 265 405 l

126 557 221 622 Adde
245 555 338 622 XIII.
364 558 428 622 153

260 727 298 765 an
321 707 438 766 dubitet
461 707 566 766 solitus
589 710 689 765 totum
712 707 839 766 conflare
863 707 1047 766 Tonantem?

127 881 175 946 ae
198 853 270 946 XV.
297 817 382 944 122¹

352 1066 427 1104 anne
452 1047 550 1117 aliam,
575 1050 655 1135 terra
678 1047 871 1122 Memphitide
895 1047 981 1118 sicca,

291 1153 433 1212 invidiam
456 1154 588 1212 facerent
596 1154 724 1238 Knolenti
746 1173 868 1231 surgere
891 1153 980 1212 Nilo?

239 1324 315 1400 Quae
341 1325 487 1409 exempla
510 1327 537 1389 si
560 1348 616 1390 nos
641 1326 681 1390 ad
704 1349 734 1390 v.
760 1327 801 1389 78
817 1325 1019 1390 retinendum
1034 1348 1098 1389 non
1114 1348 1200 1390 com·
1296 1383 1303 1397 .

123 1453 272 1543 movent,
295 1451 389 1534 plura
413 1451 532 1516 auxilia
555 1429 703 1516 advocari
725 1454 874 1534 possunt..
902 1448 987 1514 Nam
1003 1450 1201 1516 Ribbeckius

131 1576 212 1640 dicit
236 1575 270 1657 (I.
294 1576 316 1640 l.
339 1598 373 1659 p.
398 1575 485 1658 123),
517 1597 603 1639 sev.
630 1577 669 1639 78
695 1597 732 1639 eo
757 1575 907 1640 libentius
924 1556 1093 1655 damnare,
1117 1576 1201 1658 quod
1286 1657 1294 1668 Ὗ

129 1705 203 1764 tum
236 1699 437 1780 vocabulum,
473 1701 556 1783 quod
591 1703 640 1764 est
669 1721 867 1785 quamquam,
897 1722 969 1764 cum
991 1702 1089 1764 verbo
1111 1701 1202 1764 finito

42 1831 46 1834 ’
125 1825 263 1912 putabat
287 1825 437 1910 coniungi
459 1825 569 1908 possit,
595 1825 634 1888 ad
658 1825 741 1908 quod
764 1825 833 1888 iure
856 1826 1026 1908 pertineat.
1072 1822 1158 1888 Nam
1174 1826 1202 1890 si

131 1951 243 2029 verba,
260 1972 331 2033 quae
348 1953 421 2012 sunt
437 1971 571 2032 quorum
587 1949 724 2032 optimus
741 1952 847 2032 atque,
864 1949 1072 2029 retineantur,
1090 1972 1203 2042 quam-

132 2097 232 2159 quam
254 2075 472 2138 tantummodo
496 2075 536 2137 ad
560 2095 607 2152 ea,
632 2095 703 2157 quae
727 2077 801 2136 sunt
815 2075 1012 2156 temporibus
1029 2074 1115 2153 diris,
1128 2096 1203 2157 per-

131 2201 238 2264 tinere
262 2199 350 2278 dicit,
375 2200 458 2282 quod
482 2201 591 2262 contra
614 2221 706 2262 usum
729 2198 823 2262 huius
846 2199 932 2262 vocis
949 2220 1016 2262 esse
1030 2199 1204 2264 contendit.

132 2322 203 2388 Nos
226 2345 301 2387 vero
318 2345 535 2406 assereremus
552 2326 663 2387 contra
680 2324 940 2388 consuetudinem
956 2346 1038 2403 esse,
1052 2324 1079 2386 si
1091 2346 1204 2407 quam·

133 2469 235 2532 quam
265 2471 338 2511 cum
367 2449 502 2531 putabat
526 2448 747 2532 coniungatur.
794 2445 954 2512 Iuvenalis
979 2449 1064 2512 enim
1086 2449 1206 2532 ubique

134 2595 212 2637 cum
235 2573 436 2638 coniunctivo
460 2573 567 2658 iungit
589 2574 732 2653 verbum,
757 2573 840 2656 quod
864 2576 912 2636 est
935 2595 1138 2656 quamquam.
1158 2573 1182 2656 1)

249 2821 268 2888 ¹)
288 2821 424 2890 Exempla
452 2821 615 2890 collegimus
643 2820 745 2886 omnia,
772 2820 821 2875 ubi
846 2839 1015 2889 quamquam
1041 2839 1103 2875 cum
1122 2822 1207 2876 verbo

132 2909 219 2965 finito
239 2911 313 2980 apud
331 2911 492 2966 Iuvenalem
512 2910 625 2980 legitur.
663 2910 733 2964 Sunt
751 2911 824 2964 hoee:

299 3000 334 3054 Π.
390 3001 407 3053 4
425 3018 595 3068 quamquam
613 3001 698 3069 plena
717 2999 811 3054 omnia
829 2999 957 3054 invenias

290 3089 337 3143 VI.
376 3089 410 3144 88
504 3131 514 3154 „
615 3089 763 3144 dormisset

309 3219 319 3242 „
360 3179 411 3232 198
504 3219 514 3243 ,,
617 3178 693 3231 dicas
711 3178 825 3232 mollius

279 3267 340 3325 VII.
380 3267 411 3321 15
506 3309 516 3333 „
619 3268 796 3337 Cappadoces
815 3267 923 3321 faciant

308 3357 340 3409 X.
379 3357 413 3410 34
506 3398 516 3422 ,,
619 3375 675 3412 non
695 3360 786 3412 essent
804 3359 942 3426 praetexta

292 3446 339 3502 XI.
360 3447 412 3500 205
506 3487 517 3511 „
618 3447 688 3500 hora
707 3446 827 3516 supersit

282 3535 342 3588 XII.
380 3535 414 3588 25
508 3577 518 3601 „
621 3535 678 3589 sint
697 3538 789 3590 cetera

266 3624 340 3678 XIII.
362 3625 413 3679 172
506 3665 517 3689 „
619 3627 779 3693 spectentur

284 3713 343 3768 XV.
381 3713 415 3768 30
509 3755 519 3778 „
621 3717 745 3782 syrmata
763 3713 860 3767 volvas

135 3802 260 3860 Accedit
277 3803 299 3855 Ι.
319 3803 366 3856 33:
386 3819 555 3871 quamquam
574 3802 740 3872 longissima
759 3819 833 3857 cenae
852 3819 913 3871 spes
932 3799 1047 3866 homini,
1060 3800 1157 3855 ubisit
1170 3801 1211 3855 fa-

136 3893 197 3949 cile
216 3891 401 3960 intellegitur.

251 3981 397 4048 Nusquam
415 3978 504 4050 igitur
522 3980 575 4034 hoo
593 3981 708 4035 verbum
719 3979 796 4050 apud
808 3979 970 4034 Iuvenalem
983 3997 1046 4032 cum
1056 3977 1211 4033 indicativo

136 4068 333 4139 coniungitur.
371 4069 412 4123 Ob
431 4069 505 4122 hanc
524 4086 637 4122 oausam
655 4068 810 4124 Ribbeckio
831 4067 962 4123 assentiri
980 4067 1118 4122 nolumus.
