2930 4836
715 262 723 294 l

706 395 880 457 -76‚.

263 566 423 652 Imprimis
461 571 559 654 grave
596 574 652 645 est,
688 571 771 653 quod
806 527 912 634 monet
948 571 985 635 de
1020 572 1179 636 mentione
1216 573 1328 636 divitis

261 693 397 758 hominis
422 693 460 758 v(
477 695 550 758 loa.
604 761 607 766 ,

368 818 445 883 Post
467 842 517 884 vv.
544 820 734 884 195--1962

832 1015 866 1054 ac
890 996 961 1052 mihi
984 1015 1056 1070 pace

442 1101 591 1159 immensae
615 1093 772 1176 nimiaque
795 1102 864 1160 licet
887 1102 911 1160 si
935 1103 1030 1182 dicere
1054 1102 1148 1178 plebis

261 1279 416 1345 Weidner
439 1281 585 1346 lacunam
609 1303 677 1345 esse
702 1282 883 1379 arbitratur,
907 1304 981 1345 narn
1005 1285 1039 1345 ut
1062 1304 1145 1346 nnnc
1169 1288 1227 1362 est,
1243 1283 1326 1346 illud

192 1445 193 1450 κ
263 1407 381 1470 dictum
417 1408 450 1470 in
485 1429 578 1472 versu
613 1409 758 1507 sequenti
794 1407 961 1470 desiderat.
1008 1407 1206 1492 Ribbeckius
1231 1409 1328 1472 ambo

262 1529 371 1595 versus
408 1532 502 1595 delet.
549 1530 728 1614 Utrumque
756 1532 881 1608 falsum,
906 1555 979 1595 narn
1003 1533 1071 1595 iure
1095 1533 1227 1609 retineri
1250 1555 1327 1614 pos-

263 1640 336 1719 sunt
360 1679 417 1720 nec
442 1657 556 1720 lacuna
572 1657 739 1719 statuenda
756 1661 812 1719 est.
852 1655 1012 1720 Iuvenalis
1029 1657 1067 1719 de
1085 1657 1168 1720 circo
1183 1657 1328 1739 loquitur

262 1785 422 1864 tamquam
461 1782 637 1864 despiciens
674 1781 739 1844 eius
774 1782 859 1845 modi
894 1781 1127 1846 oblectamenta
1162 1803 1257 1864 seque
1289 1781 1326 1844 in

262 1907 362 1970 herba
385 1907 489 1970 iacere
512 1928 707 1989 vernumque
731 1905 829 1970 solem
852 1907 962 1970 bibere
984 1906 1084 1989 pluris
1100 1906 1207 1968 facere
1225 1905 1328 1969 confi·

263 2034 358 2094 tetur.
398 2029 511 2114 Neque
536 2036 643 2094 tamen
662 2031 798 2116 ignorat,
815 2031 941 2113 plebem
956 2030 1052 2114 longe
1070 2031 1155 2093 aliud
1171 2030 1327 2093 iudicium

264 2157 301 2218 de
336 2155 396 2219 hac
424 2178 458 2218 re
483 2156 599 2232 facere,
624 2178 719 2239 quam
743 2157 783 2219 ob
807 2177 874 2218 rem
898 2178 959 2220 uon
983 2155 1049 2218 sine
1073 2155 1175 2218 ironia
1197 2155 1326 2219 veniam

264 2280 405 2343 audaciae
439 2281 530 2362 petit.
578 2279 637 2343 Vv.
675 2280 849 2343 193—204
884 2280 984 2364 igitur
1017 2280 1077 2344 hoc
1100 2281 1193 2344 modo
1218 2280 1328 2362 dispo-

262 2404 381 2467 nendos
406 2421 472 2467 esse
498 2403 701 2467 crediderim:

369 2579 481 2636 interea
505 2579 706 2654 Megalesiacae
730 2579 899 2654 spectacula
922 2597 1037 2653 mappae

369 2685 483 2754 Idaeum
507 2686 634 2744 solemne
659 2686 760 2743 colunt
784 2685 945 2760 similisque
968 2686 1120 2760 triumpho

218 2831 226 2851 ,
290 2789 350 2849 195
372 2793 472 2866 praeda
497 2793 679 2850 caballorum
702 2795 814 2867 praetor
838 2792 919 2850 sedet
943 2797 973 2849 et
996 2792 1097 2867 fragor
1121 2811 1224 2852 aurem

370 2899 509 2973 percutit,
535 2902 674 2955 eventurn
697 2898 798 2956 viridis
823 2917 882 2972 quo
907 2899 1017 2974 colligo
1036 2898 1135 2972 panni.

370 3025 438 3062 nam
462 3005 486 3062 si
511 3004 655 3073 deficeret,
681 3008 814 3062 maestam
839 3005 1057 3079 attonitamque
1081 3005 1195 3063 videres

370 3114 446 3170 hanc
468 3112 582 3180 urbem,
607 3111 701 3169 veluti
726 3109 893 3168 (ianuarum
918 3112 947 3167 in
971 3112 1092 3186 pulvere
1116 3096 1202 3169 iictis

370 3219 549 3277 consulibua.
575 3221 708 3292 spectent
731 3218 861 3285 iuvenca,
887 3237 960 3292 quos
985 3220 1095 3275 clamor
1119 3221 1148 3275 ct
1172 3218 1270 3275 audax

288 3326 350 3382 200
371 3326 497 3400 sponsio,
523 3345 597 3400 quos
621 3326 709 3384 culta
734 3325 817 3382 decet
841 3325 985 3383 adsedisse
1009 3325 1126 3400 puellae¹

370 3436 465 3490 totam
489 3433 575 3490 hodie
599 3432 723 3490 Romam
748 3431 843 3490 circus
867 3432 961 3506 capit:
987 3434 1027 3501 at,
1052 3431 1123 3489 mihi
1146 3451 1217 3515 pace

370 3538 518 3596 immensae
543 3539 699 3612 nimiaeque
723 3538 792 3595 licet
815 3537 839 3595 si
863 3539 958 3596 dicere
981 3538 1084 3612 plebis,

370 3648 471 3702 nostra
494 3645 579 3702 bibat
602 3665 727 3702 vernum
751 3647 904 3702 contracta
929 3644 1058 3702 cuticula
1082 3645 1173 3702 solem

371 3751 552 3826 effugiatque
576 3754 678 3826 togam

370 3931 561 4016 Priusquam
604 3933 734 3996 satiram
771 3932 971 3997 undecimam
1010 3933 1165 4015 relinquo,
1204 3931 1327 4016 aliquid

264 4057 444 4120 addendum
467 4057 593 4120 videtur
617 4057 655 4119 de
679 4079 729 4121 vv.
755 4057 946 4120 loo-107:
