2916 4834
642 441 793 503 ..3.-

186 613 292 693 minis,
328 614 383 678 sed
416 614 493 697 quid
516 614 672 697 amplius?
718 613 818 680 Salin'
842 615 876 679 id
899 618 948 680 esd
970 616 1010 680 ad
1033 638 1089 681 nos
1113 638 1250 682 commo·
1286 705 1289 716 ,
1325 578 1326 589 l
1413 635 1416 642 ’

183 738 323 802 vendos‘?

291 863 334 926 Ei
358 863 508 946 quoniam
530 864 565 928 in
580 864 697 928 librum
712 863 884 929 Ribbeckii
899 865 1013 930 incidit
1028 866 1138 946 oratic,
1151 867 1248 951 paulo

183 987 311 1072 longius
341 987 586 1072 progrediamur
616 991 648 1051 el
671 989 970 1069 animadvertamus,
995 991 1071 1073 quid
1095 991 1137 1054 sit
1159 991 1248 1072 illud,

185 1113 269 1196 quod
293 1114 333 1176 ed
356 1112 588 1176 emendandum
610 1115 739 1196 poetam
762 1135 835 1177 eum
857 1115 1030 1199 impulerit.

290 1236 365 1302 Non
397 1238 489 1302 nobis
523 1237 557 1300 in
592 1238 697 1302 auimo
727 1241 776 1302 esl
804 1239 911 1303 omnio
935 1261 972 1303 ea
994 1242 1152 1323 repetere,
1176 1262 1247 1324 quoe

185 1367 294 1426 contra
328 1363 441 1426 satiras
475 1361 516 1441 X,
545 1359 734 1426 XII—XVI
764 1363 901 1447 scripsit,
932 1386 995 1447 qua
1018 1365 1057 1428 de
1080 1387 1115 1428 re
1137 1368 1249 1450 postea

184 1487 274 1551 nobis
299 1486 359 1550 en'i
382 1487 505 1551 occasio
527 1487 686 1571 loquendi,
711 1488 766 1551 sed
789 1510 851 1552 non
867 1510 1034 1573 possumus
1050 1512 1113 1553 non
1125 1490 1246 1571 mirari,

185 1611 268 1694 quod
290 1613 388 1676 verba
413 1611 533 1695 aliquol
556 1612 659 1696 ignoti
682 1612 855 1696 scriptoris
880 1635 951 1697 quae
976 1614 1009 1677 in
1036 1613 1109 1678 Vile
1125 1614 1181 1678 IV
1191 1615 1247 1679 Iu-

184 1737 303 1800 venalis
324 1737 487 1822 leguntur,
511 1740 584 1800 aule
609 1737 715 1801 omnia
731 1737 920 1822 gravissima
935 1741 1037 1821 pulei.
1077 1737 1156 1802 Sunt
1170 1761 1246 1804 vero

184 1855 268 1926 hoec:
292 1863 328 1924 im
350 1863 459 1925 emilie
482 1863 644 1945 ampliavit
666 1864 783 1926 satiras
806 1869 834 1926 el
850 1863 1002 1947 pleraque
1017 1866 1157 1928 muloeil.
1197 1865 1246 1929 Ea

184 1986 399 2069 ampleolilur,
431 1985 471 2049 iis
494 1985 620 2050 nititur:
651 2008 688 2050 ea
712 1986 821 2071 elegit,
845 1988 960 2071 quibus
983 1989 1120 2052 maxime
1144 1990 1246 2073 expli-

184 2114 282 2190 cerel,
306 2132 362 2174 cur
385 2110 420 2173 in
443 2107 594 2174 Iuvenale
616 2111 792 2175 muiilendo
807 2114 876 2175 lam
892 2113 958 2176 acri
974 2112 1076 2177 cullro
1091 2117 1245 2179 uteretur.

181 2233 296 2319 Neque
324 2239 433 2299 lamen
460 2234 506 2298 ita
529 2235 586 2298 ille
608 2237 706 2300 verba
730 2236 856 2319 accipit,
880 2240 916 2300 ul
939 2237 1059 2320 scripta
1082 2240 1165 2317 sunl,
1190 2239 1246 2302 sed

182 2361 304 2424 muiaio
339 2361 482 2424 subiecto
515 2360 685 2424 verborum
719 2361 882 2444 ampliavit
911 2365 943 2424 el
966 2363 1097 2426 mutavit
1119 2384 1182 2425 non
1206 2361 1244 2426 de

181 2481 333 2548 Iuvenale
357 2486 565 2568 quaestionem
588 2506 655 2548 esse
680 2485 841 2549 condendil
857 2486 913 2549 sed
928 2488 964 2549 ut
978 2486 1047 2569 ipse
1064 2486 1110 2550 ait
1126 2485 1171 2570 (p
1187 2486 1245 2569 73)

183 2609 379 2693 bibliopolam
402 2610 537 2694 aliquem
558 2609 711 2673 sollertem
734 2617 791 2673 aul
805 2616 928 2693 poelom
944 2613 1128 2674 esurientem
1143 2611 1245 2696 signi-

183 2734 282 2800 ficari.
334 2733 396 2799 Sed
432 2756 471 2798 ex
505 2733 544 2797 iis
579 2733 733 2814 omnibus,
769 2756 839 2817 quae
873 2735 913 2798 ad
940 2736 1132 2800 senlenliem
1155 2757 1246 2800 1111111

184 2859 451 2942 comprobandam
474 2859 592 2938 auum,
615 2858 676 2923 hoo
699 2859 945 2924 audacissimum
968 2881 1036 2924 esse
1059 2860 1141 2923 mihi
1155 2861 1246 2925 vide·

182 2987 245 3048 tur.
292 2981 354 3047 Sed
376 2982 445 3047 hoec
468 2983 633 3047 haclenus

289 3108 516 3172 Dociissimum
553 3108 657 3172 virum
694 3107 926 3191 reprehendere
961 3130 1065 3192 neque
1100 3109 1244 3174 volumus

183 3255 285 3318 neque
315 3255 480 3317 possumus
509 3235 641 3317 propler
664 3254 752 3317 opus,
777 3233 861 3316 quod
883 3254 1000 3318 magno
1022 3233 1146 3318 ingenii
1169 3255 1245 3297 acu-

182 3359 278 3438 mine,
312 3358 431 3422 muior'e
464 3357 599 3421 fortasse
622 3356 756 3421 audacia
780 3358 963 3440 composuit.
1011 3357 1080 3422 Hoc
1102 3361 1245 3422 iculum-

182 3483 274 3547 modo
303 3483 492 3562 studuimus,
522 3485 558 3545 ul
580 3485 752 3565 antequam
776 3482 816 3545 cd
840 3497 885 3546 ea'
899 3481 1147 3566 perveniremus,
1172 3504 1243 3566 quae

181 3607 272 3672 nobis
296 3629 571 3691 proposueramus,
587 3607 698 3690 paucis
713 3607 819 3672 verbis
835 3606 1011 3670 indiculum
1026 3609 1120 3686 esset,
1136 3609 1245 3672 ulrum

182 3730 365 3797 Iuvenalem
388 3732 551 3817 integrum
573 3753 615 3795 en
637 3731 786 3796 mutilum
807 3731 1042 3815 praeferremus,
1066 3753 1106 3795 ne
1129 3730 1195 3795 iem
1210 3731 1245 3796 in

181 3857 339 3941 principio
358 3856 461 3922 libelli
483 3817 585 3920 multe
609 3856 736 3936 dixisse,
759 3856 853 3940 pluro
877 3859 910 3920 el
932 3877 971 3920 ea
994 3855 1143 3942 graviore
1166 3856 1244 3920 reli-

181 3982 283 4046 cuisse
307 3982 498 4046 videremur.
941 3981 942 3986 ’

606 4177 819 4186 -—.------—
