2854 4828
538 466 710 533 -eo-
789 530 801 554 ,

88 669 178 731 saepe
213 650 366 726 recurrat,
397 650 433 710 ut
455 669 505 712 vv.
531 648 671 725 arr—31,
695 626 769 710 riam
792 647 825 710 id
847 667 910 709 non
933 645 1023 709 modo
1048 644 1152 708 decla-

89 772 210 836 matori
234 773 290 834 sed
315 772 411 835 etiam
434 769 578 835 Iuvenali
601 794 660 835 usu
682 772 771 836 venit
800 775 821 847 ).

171 896 394 961 .Retinemus-
422 897 523 980 igitur
556 920 607 960 vv.
647 898 761 960 1—55.
809 895 852 959 Et
886 897 970 979 quod
994 896 1033 959 ad
1057 917 1153 979 argu·

88 1025 236 1084 mentum
266 993 406 1104 pertinet
431 1024 462 1084 et
486 1022 524 1083 ad
550 1021 731 1105 argumenti
755 1021 1002 1104 dispositionem,
1028 1020 1154 1084 defendi

90 1149 234 1230 possunt,
259 1147 285 1208 si
309 1145 437 1228 quidem
461 1145 678 1243 defensionem
701 1145 827 1208 omnino
852 1146 1043 1209 desiderant.

202 1269 263 1334 Sed
287 1271 324 1347 si,
348 1273 457 1333 nostra
480 1271 609 1353 quidem
632 1269 799 1345 sententia,
825 1270 856 1333 e't
872 1288 978 1352 perse
995 1269 1027 1332 hi
1045 1292 1155 1334 versus

90 1396 162 1480 apti
187 1398 259 1458 sunt
283 1375 314 1458 et
338 1417 409 1457 oum
433 1395 533 1458 altera
556 1398 647 1477 parte
671 1395 776 1458 satirae
801 1417 864 1458 non
881 1394 963 1458 male
980 1394 1152 1475 cohaerent,

91 1526 204 1584 tamen
227 1542 289 1612 non
314 1520 492 1597 defuerunt,
510 1520 564 1603 qui
580 1542 642 1583 uno
660 1520 798 1584 alterove
814 1520 884 1583 looo
901 1520 998 1582 alium
1014 1520 1156 1582 ordinem

92 1646 264 1708 instituere
288 1644 417 1721 veilent,
442 1666 574 1727 quorum
598 1644 631 1706 in
654 1613 785 1708 nunreio
810 1643 948 1708 Kiaerius
973 1646 1029 1718 est,
1047 1645 1101 1726 qui
1118 1645 1156 1708 de

93 1793 146 1834 vv.
173 1771 303 1834 38—45
332 1769 365 1831 in
388 1769 470 1832 libro
494 1791 549 1831 suo
575 1768 763 1853 disputat2).
798 1768 886 1832 Dicit
909 1769 972 1846 iile,
997 1769 1031 1832 in
1046 1792 1095 1832 vv.
1113 1771 1154 1833 38

94 1895 181 1956 —41
208 1894 489 1978 interrogationem
511 1893 630 1957 inesse:
664 1893 739 1958 huie
762 1893 1007 1978 interrogationi
1030 1898 1156 1976 poetam

92 2019 288 2101 respondere
323 2041 372 2081 vv.
408 2018 549 2081 44--45,
596 1995 716 2080 Versus
753 2018 822 2095 duo,
857 2018 971 2101 inquit,
996 2019 1051 2101 qui
1074 2019 1158 2082 inter

94 2143 382 2228 interrogationem
399 2145 431 2205 et
447 2164 631 2224 responsum
644 2143 824 2224 interpositi
837 2145 919 2221 sunt,
933 2141 1157 2235 cohaerentiam

94 2269 251 2332 sermonis
284 2269 543 2331 obscuraverunt.
589 2266 739 2350 Disponit
766 2267 866 2351 igitur
889 2267 934 2330 ita
958 2267 1013 2331 hos
1037 2289 1157 2347 versus,

95 2397 132 2457 ut
166 2416 217 2456 vv.
254 2393 385 2456 zia-43
418 2396 488 2474 post
512 2415 561 2456 vv.
586 2393 716 2455 44—45
742 2391 881 2456 collocet.
930 2392 1064 2456 Causam
1089 2415 1157 2456 esse

95 2519 176 2596 vult,
213 2518 294 2600 quod
330 2539 485 2599 nusquam
520 2516 604 2598 apud
638 2514 820 2580 iuvenalem
854 2516 928 2580 talis
959 2515 1158 2599 parenthesis

96 2641 216 2726 (qualis
245 2647 292 2705 est
315 2664 365 2704 vv.
391 2639 535 2721 42-43)
559 2640 643 2703 inter
665 2641 948 2725 interrogationem
972 2645 1004 2704 et
1027 2663 1159 2736 respon-

96 2789 168 2830 sum
204 2767 423 2845 interseratur,
458 2787 560 2848 neque
596 2787 739 2849 usquam,
774 2766 829 2830 uhi
852 2766 926 2829 talis
950 2766 1159 2850 interrogatio

96 2893 271 2975 praecedat,
307 2914 492 2974 responsum
521 2891 725 2955 desideretur.
773 2890 851 2955 Haeo
875 2891 955 2954 mira
979 2894 1061 2969 sunt,
1086 2913 1159 2953 nam

97 3017 167 3080 eius
191 3017 278 3080 modi
301 3016 580 3100 interrogationes,
605 3039 624 3078 a
646 3016 751 3079 verbis
776 2989 846 3099 quis
870 3017 965 3094 enim,
982 3017 1056 3099 quid
1075 3015 1160 3078 enim

96 3142 298 3224 incipientes
323 3163 448 3223 semper
471 3143 538 3204 fere
563 3141 646 3224 apud
671 3138 853 3204 iuvenalem
877 3135 967 3224 quasi
992 3141 1024 3202 in
1043 3161 1160 3224 paren-

96 3266 182 3330 thesi
219 3269 422 3348 usurpantur,
457 3287 558 3348 neque
583 3265 623 3328 iis
647 3267 864 3347 respondetur,
889 3266 964 3347 quia
988 3265 1160 3347 responsio,

97 3392 221 3474 opinor,
257 3390 351 3472 plane
386 3411 621 3473 supervacanea
645 3393 703 3454 est.
748 3389 797 3452 Ae
821 3390 847 3452 si
871 3411 942 3452 cum
965 3388 1086 3452 Kiaerio
1108 3412 1159 3453 vv.

99 3516 233 3578 44-45
258 3517 329 3598 post
353 3538 403 3579 vv.
428 3516 556 3578 38—41
583 3515 739 3598 ponimus,
764 3517 799 3577 ut
822 3535 1007 3597 responsum
1031 3514 1070 3578 iis
1087 3515 1160 3578 red-

99 3641 188 3718 dant,
224 3639 367 3722 ineptum
403 3660 586 3722 responsum
615 3640 759 3703 reddunt.
806 3638 904 3703 Poeta
928 3639 1013 3702 enini
1036 3642 1161 3724 quaerit,

99 3765 157 3848 qui
193 3764 296 3828 exitus
329 3763 492 3828 helluones
527 3767 665 3827 maneat.
711 3763 895 3847 Respondet
918 3764 980 3846 (vv.
1006 3765 1160 3847 arr-45),

99 3911 165 3952 non
191 3893 327 3952 mortem
349 3890 388 3952 iis
411 3889 614 3952 metuendam
638 3909 715 3966 esse,
740 3891 795 3952 sed
819 3892 920 3953 morte
944 3890 1047 3973 magis
1071 3911 1161 3952 sene-

215 4065 234 4134 ¹)
255 4067 375 4120 Granius
395 4065 413 4118 l.
433 4065 451 4118 l.
471 4084 497 4134 p.
519 4066 559 4119 19.
578 4068 636 4119 not.

212 4153 232 4224 ²)
251 4155 330 4209 Knau
348 4155 366 4208 l.
386 4155 405 4207 i.
425 4155 639 4240 pp5162-164.
