<?xml version="1.0" encoding="UTF-8"?>
<!DOCTYPE html PUBLIC "-//W3C//DTD XHTML 1.0 Transitional//EN"
    "http://www.w3.org/TR/xhtml1/DTD/xhtml1-transitional.dtd">
<html xmlns="http://www.w3.org/1999/xhtml" xml:lang="en" lang="en">
 <head>
  <title>
</title>
<meta http-equiv="Content-Type" content="text/html;charset=utf-8" />
  <meta name='ocr-system' content='tesseract 3.04.00' />
  <meta name='ocr-capabilities' content='ocr_page ocr_carea ocr_par ocr_line ocrx_word'/>
</head>
<body>
  <div class='ocr_page' id='page_1' title='image "./deargumentidisp00grylgoog_0243.png"; bbox 0 0 2930 4836; ppageno 0'>
   <div class='ocr_carea' id='block_1_1' title="bbox 730 439 925 500">
    <p class='ocr_par' dir='ltr' id='par_1_1' title="bbox 730 439 925 500">
     <span class='ocr_line' id='line_1_1' title="bbox 730 439 925 500; baseline 0 0"><span class='ocrx_word' id='word_1_1' title='bbox 730 473 771 480; x_wconf 92' lang='lat'><strong>—</strong></span> <span class='ocrx_word' id='word_1_2' title='bbox 796 439 860 500; x_wconf 76' lang='lat'>124</span> <span class='ocrx_word' id='word_1_3' title='bbox 884 473 925 480; x_wconf 96' lang='lat'>--</span> 
     </span>
    </p>
   </div>
   <div class='ocr_carea' id='block_1_2' title="bbox 298 613 1356 824">
    <p class='ocr_par' dir='ltr' id='par_1_2' title="bbox 298 613 1356 824">
     <span class='ocr_line' id='line_1_2' title="bbox 299 613 1356 698; baseline 0.004 -22"><span class='ocrx_word' id='word_1_4' title='bbox 299 617 364 676; x_wconf 89' lang='lat' dir='ltr'>tem</span> <span class='ocrx_word' id='word_1_5' title='bbox 387 613 466 676; x_wconf 86' lang='lat' dir='ltr'>facit</span> <span class='ocrx_word' id='word_1_6' title='bbox 488 637 538 678; x_wconf 80' lang='lat' dir='ltr'>vv.</span> <span class='ocrx_word' id='word_1_7' title='bbox 563 615 755 690; x_wconf 77' lang='lat'><strong>295-297;</strong></span> <span class='ocrx_word' id='word_1_8' title='bbox 779 615 939 678; x_wconf 85' lang='lat' dir='ltr'>contraria</span> <span class='ocrx_word' id='word_1_9' title='bbox 960 616 1045 678; x_wconf 86' lang='lat' dir='ltr'>inter</span> <span class='ocrx_word' id='word_1_10' title='bbox 1067 637 1101 678; x_wconf 88' lang='lat' dir='ltr'>se</span> <span class='ocrx_word' id='word_1_11' title='bbox 1125 616 1261 698; x_wconf 90' lang='lat' dir='ltr'>ideoque</span> <span class='ocrx_word' id='word_1_12' title='bbox 1278 617 1356 680; x_wconf 91' lang='lat' dir='ltr'>into·</span> 
     </span>
     <span class='ocr_line' id='line_1_3' title="bbox 298 737 1208 824; baseline 0.004 -23"><span class='ocrx_word' id='word_1_13' title='bbox 298 737 446 801; x_wconf 84' lang='lat' dir='ltr'>larabilia</span> <span class='ocrx_word' id='word_1_14' title='bbox 469 760 537 802; x_wconf 86' lang='lat' dir='ltr'>esse</span> <span class='ocrx_word' id='word_1_15' title='bbox 561 739 649 814; x_wconf 88' lang='lat' dir='ltr'>dicit,</span> <span class='ocrx_word' id='word_1_16' title='bbox 673 761 744 822; x_wconf 85' lang='lat' dir='ltr'>quae</span> <span class='ocrx_word' id='word_1_17' title='bbox 767 763 818 802; x_wconf 80' lang='lat' dir='ltr'>vv.</span> <span class='ocrx_word' id='word_1_18' title='bbox 844 742 1017 804; x_wconf 82' lang='lat'>153-155</span> <span class='ocrx_word' id='word_1_19' title='bbox 1040 741 1208 824; x_wconf 85' lang='lat' dir='ltr'>leguntur:</span> 
     </span>
    </p>
   </div>
   <div class='ocr_carea' id='block_1_3' title="bbox 492 915 1166 1204">
    <p class='ocr_par' dir='ltr' id='par_1_3' title="bbox 492 915 1166 1204">
     <span class='ocr_line' id='line_1_4' title="bbox 670 915 1127 990; baseline 0 -18"><span class='ocrx_word' id='word_1_20' title='bbox 670 915 802 973; x_wconf 88' lang='lat' dir='ltr'>tunicam</span> <span class='ocrx_word' id='word_1_21' title='bbox 826 915 898 972; x_wconf 91' lang='lat' dir='ltr'>mihi</span> <span class='ocrx_word' id='word_1_22' title='bbox 921 917 999 974; x_wconf 84' lang='lat' dir='ltr'>malo</span> <span class='ocrx_word' id='word_1_23' title='bbox 1021 915 1127 990; x_wconf 89' lang='lat' dir='ltr'>lupini,</span> 
     </span>
     <span class='ocr_line' id='line_1_5' title="bbox 493 1005 1143 1098; baseline 0.003 -20"><span class='ocrx_word' id='word_1_24' title='bbox 493 1041 583 1096; x_wconf 86' lang='lat' dir='ltr'>quam</span> <span class='ocrx_word' id='word_1_25' title='bbox 606 1021 630 1079; x_wconf 92' lang='lat' dir='ltr'>si</span> <span class='ocrx_word' id='word_1_26' title='bbox 653 1041 700 1079; x_wconf 89' lang='lat' dir='ltr'>me</span> <span class='ocrx_word' id='word_1_27' title='bbox 722 1027 787 1080; x_wconf 89' lang='lat' dir='ltr'>toto</span> <span class='ocrx_word' id='word_1_28' title='bbox 810 1005 913 1080; x_wconf 81' lang='lat' dir='ltr'>landet</span> <span class='ocrx_word' id='word_1_29' title='bbox 935 1022 1042 1080; x_wconf 83' lang='lat' dir='ltr'>vicinia</span> <span class='ocrx_word' id='word_1_30' title='bbox 1064 1042 1143 1098; x_wconf 88' lang='lat' dir='ltr'>pago</span> 
     </span>
     <span class='ocr_line' id='line_1_6' title="bbox 492 1128 1166 1204; baseline 0.003 -20"><span class='ocrx_word' id='word_1_31' title='bbox 492 1128 591 1204; x_wconf 81' lang='lat' dir='ltr'>exigui</span> <span class='ocrx_word' id='word_1_32' title='bbox 613 1129 691 1186; x_wconf 85' lang='lat' dir='ltr'>ruris</span> <span class='ocrx_word' id='word_1_33' title='bbox 714 1129 891 1203; x_wconf 87' lang='lat' dir='ltr'>paucissima</span> <span class='ocrx_word' id='word_1_34' title='bbox 914 1129 995 1186; x_wconf 80' lang='lat' dir='ltr'>fana</span> <span class='ocrx_word' id='word_1_35' title='bbox 1017 1136 1166 1186; x_wconf 82' lang='lat' dir='ltr'>secantem</span> 
     </span>
    </p>
   </div>
   <div class='ocr_carea' id='block_1_4' title="bbox 299 1288 1359 2371">
    <p class='ocr_par' dir='ltr' id='par_1_4' title="bbox 299 1288 1359 1874">
     <span class='ocr_line' id='line_1_7' title="bbox 406 1288 1357 1375; baseline 0.001 -21"><span class='ocrx_word' id='word_1_36' title='bbox 406 1288 485 1354; x_wconf 89' lang='lat' dir='ltr'>Sunt</span> <span class='ocrx_word' id='word_1_37' title='bbox 507 1313 583 1354; x_wconf 91' lang='lat' dir='ltr'>sane</span> <span class='ocrx_word' id='word_1_38' title='bbox 607 1293 743 1374; x_wconf 90' lang='lat' dir='ltr'>quodam</span> <span class='ocrx_word' id='word_1_39' title='bbox 765 1293 859 1354; x_wconf 91' lang='lat' dir='ltr'>modo</span> <span class='ocrx_word' id='word_1_40' title='bbox 883 1292 1043 1358; x_wconf 89' lang='lat' dir='ltr'>contraria</span> <span class='ocrx_word' id='word_1_41' title='bbox 1065 1293 1121 1355; x_wconf 91' lang='lat' dir='ltr'>illa</span> <span class='ocrx_word' id='word_1_42' title='bbox 1144 1292 1285 1375; x_wconf 89' lang='lat' dir='ltr'>quidem,</span> <span class='ocrx_word' id='word_1_43' title='bbox 1305 1295 1357 1356; x_wconf 89' lang='lat' dir='ltr'>sed</span> 
     </span>
     <span class='ocr_line' id='line_1_8' title="bbox 299 1413 1354 1502; baseline 0.003 -25"><span class='ocrx_word' id='word_1_44' title='bbox 299 1413 368 1478; x_wconf 89' lang='lat' dir='ltr'>haec</span> <span class='ocrx_word' id='word_1_45' title='bbox 402 1415 578 1500; x_wconf 85' lang='lat' dir='ltr'>hyperbole</span> <span class='ocrx_word' id='word_1_46' title='bbox 612 1421 719 1479; x_wconf 88' lang='lat' dir='ltr'>tamen</span> <span class='ocrx_word' id='word_1_47' title='bbox 754 1416 821 1479; x_wconf 86' lang='lat' dir='ltr'>sine</span> <span class='ocrx_word' id='word_1_48' title='bbox 850 1417 916 1479; x_wconf 86' lang='lat' dir='ltr'>ulla</span> <span class='ocrx_word' id='word_1_49' title='bbox 940 1417 1125 1480; x_wconf 87' lang='lat' dir='ltr'>difficultate</span> <span class='ocrx_word' id='word_1_50' title='bbox 1148 1417 1354 1502; x_wconf 87' lang='lat' dir='ltr'>intellegitur.</span> 
     </span>
     <span class='ocr_line' id='line_1_9' title="bbox 304 1536 1357 1624; baseline 0.003 -23"><span class='ocrx_word' id='word_1_51' title='bbox 304 1536 363 1603; x_wconf 90' lang='lat' dir='ltr'>Ille</span> <span class='ocrx_word' id='word_1_52' title='bbox 388 1541 472 1604; x_wconf 90' lang='lat' dir='ltr'>enim</span> <span class='ocrx_word' id='word_1_53' title='bbox 496 1541 574 1603; x_wconf 93' lang='lat' dir='ltr'>dicit</span> <span class='ocrx_word' id='word_1_54' title='bbox 597 1563 630 1604; x_wconf 91' lang='lat' dir='ltr'>se</span> <span class='ocrx_word' id='word_1_55' title='bbox 654 1541 768 1605; x_wconf 88' lang='lat' dir='ltr'>bonam</span> <span class='ocrx_word' id='word_1_56' title='bbox 792 1543 877 1624; x_wconf 91' lang='lat' dir='ltr'>apud</span> <span class='ocrx_word' id='word_1_57' title='bbox 899 1542 984 1605; x_wconf 86' lang='lat' dir='ltr'>cives</span> <span class='ocrx_word' id='word_1_58' title='bbox 1008 1541 1275 1604; x_wconf 77' lang='lat' dir='ltr'>existimationem</span> <span class='ocrx_word' id='word_1_59' title='bbox 1290 1565 1357 1605; x_wconf 88' lang='lat' dir='ltr'>cum</span> 
     </span>
     <span class='ocr_line' id='line_1_10' title="bbox 299 1666 1359 1749; baseline -0.001 -20"><span class='ocrx_word' id='word_1_60' title='bbox 299 1670 488 1749; x_wconf 88' lang='lat' dir='ltr'>paupertate</span> <span class='ocrx_word' id='word_1_61' title='bbox 527 1667 727 1730; x_wconf 90' lang='lat' dir='ltr'>coniunctam</span> <span class='ocrx_word' id='word_1_62' title='bbox 765 1666 858 1728; x_wconf 89' lang='lat' dir='ltr'>nihili</span> <span class='ocrx_word' id='word_1_63' title='bbox 896 1667 1013 1731; x_wconf 88' lang='lat' dir='ltr'>facere.</span> <span class='ocrx_word' id='word_1_64' title='bbox 1071 1667 1150 1730; x_wconf 87' lang='lat' dir='ltr'>Haec</span> <span class='ocrx_word' id='word_1_65' title='bbox 1185 1668 1292 1730; x_wconf 87' lang='lat' dir='ltr'>omnia</span> <span class='ocrx_word' id='word_1_66' title='bbox 1324 1671 1359 1729; x_wconf 93' lang='lat' dir='ltr'>ut</span> 
     </span>
     <span class='ocr_line' id='line_1_11' title="bbox 300 1791 1097 1874; baseline 0 -21"><span class='ocrx_word' id='word_1_67' title='bbox 300 1791 413 1874; x_wconf 83' lang='lat' dir='ltr'>gravia</span> <span class='ocrx_word' id='word_1_68' title='bbox 435 1813 497 1854; x_wconf 92' lang='lat' dir='ltr'>non</span> <span class='ocrx_word' id='word_1_69' title='bbox 522 1795 605 1868; x_wconf 91' lang='lat' dir='ltr'>sunt,</span> <span class='ocrx_word' id='word_1_70' title='bbox 628 1791 674 1853; x_wconf 91' lang='lat' dir='ltr'>ita</span> <span class='ocrx_word' id='word_1_71' title='bbox 697 1791 879 1854; x_wconf 86' lang='lat' dir='ltr'>defensione</span> <span class='ocrx_word' id='word_1_72' title='bbox 903 1813 967 1854; x_wconf 91' lang='lat' dir='ltr'>non</span> <span class='ocrx_word' id='word_1_73' title='bbox 991 1794 1097 1874; x_wconf 85' lang='lat' dir='ltr'>egent.</span> 
     </span>
    </p>

    <p class='ocr_par' dir='ltr' id='par_1_5' title="bbox 299 1914 1358 2371">
     <span class='ocr_line' id='line_1_12' title="bbox 407 1914 1357 1998; baseline 0 -21"><span class='ocrx_word' id='word_1_74' title='bbox 407 1914 509 1989; x_wconf 82' lang='lat' dir='ltr'>Quam</span> <span class='ocrx_word' id='word_1_75' title='bbox 532 1917 572 1978; x_wconf 91' lang='lat' dir='ltr'>ob</span> <span class='ocrx_word' id='word_1_76' title='bbox 596 1937 664 1978; x_wconf 91' lang='lat' dir='ltr'>rem</span> <span class='ocrx_word' id='word_1_77' title='bbox 687 1937 759 1979; x_wconf 89' lang='lat' dir='ltr'>cum</span> <span class='ocrx_word' id='word_1_78' title='bbox 782 1916 923 1978; x_wconf 87' lang='lat' dir='ltr'>ordinem</span> <span class='ocrx_word' id='word_1_79' title='bbox 940 1938 1050 1979; x_wconf 84' lang='lat' dir='ltr'>aarum</span> <span class='ocrx_word' id='word_1_80' title='bbox 1065 1915 1216 1998; x_wconf 89' lang='lat' dir='ltr'>partium,</span> <span class='ocrx_word' id='word_1_81' title='bbox 1232 1916 1267 1978; x_wconf 93' lang='lat' dir='ltr'>in</span> <span class='ocrx_word' id='word_1_82' title='bbox 1282 1937 1357 1998; x_wconf 91' lang='lat' dir='ltr'>quas</span> 
     </span>
     <span class='ocr_line' id='line_1_13' title="bbox 299 2038 1358 2124; baseline -0.001 -23"><span class='ocrx_word' id='word_1_83' title='bbox 299 2038 369 2102; x_wconf 81' lang='lat' dir='ltr'>haec</span> <span class='ocrx_word' id='word_1_84' title='bbox 404 2040 503 2102; x_wconf 87' lang='lat' dir='ltr'>satira</span> <span class='ocrx_word' id='word_1_85' title='bbox 538 2040 636 2103; x_wconf 86' lang='lat' dir='ltr'>dividi</span> <span class='ocrx_word' id='word_1_86' title='bbox 670 2043 784 2124; x_wconf 83' lang='lat' dir='ltr'>potest,</span> <span class='ocrx_word' id='word_1_87' title='bbox 820 2041 984 2103; x_wconf 84' lang='lat' dir='ltr'>confusum</span> <span class='ocrx_word' id='word_1_88' title='bbox 1019 2040 1181 2122; x_wconf 84' lang='lat' dir='ltr'>appellare</span> <span class='ocrx_word' id='word_1_89' title='bbox 1215 2040 1358 2116; x_wconf 90' lang='lat' dir='ltr'>nolimus,</span> 
     </span>
     <span class='ocr_line' id='line_1_14' title="bbox 300 2164 1358 2248; baseline -0.001 -21"><span class='ocrx_word' id='word_1_90' title='bbox 300 2165 454 2246; x_wconf 86' lang='lat' dir='ltr'>sequitur,</span> <span class='ocrx_word' id='word_1_91' title='bbox 489 2167 526 2227; x_wconf 94' lang='lat' dir='ltr'>ut</span> <span class='ocrx_word' id='word_1_92' title='bbox 548 2187 586 2228; x_wconf 88' lang='lat' dir='ltr'>ea</span> <span class='ocrx_word' id='word_1_93' title='bbox 610 2187 734 2248; x_wconf 90' lang='lat' dir='ltr'>quoque</span> <span class='ocrx_word' id='word_1_94' title='bbox 758 2164 851 2228; x_wconf 88' lang='lat' dir='ltr'>nobis</span> <span class='ocrx_word' id='word_1_95' title='bbox 874 2165 1073 2247; x_wconf 73' lang='lat' dir='ltr'>displiceant,</span> <span class='ocrx_word' id='word_1_96' title='bbox 1097 2187 1168 2246; x_wconf 86' lang='lat' dir='ltr'>quae</span> <span class='ocrx_word' id='word_1_97' title='bbox 1193 2165 1232 2227; x_wconf 90' lang='lat' dir='ltr'>de</span> <span class='ocrx_word' id='word_1_98' title='bbox 1256 2167 1358 2226; x_wconf 89' lang='lat' dir='ltr'>trans·</span> 
     </span>
     <span class='ocr_line' id='line_1_15' title="bbox 299 2286 1358 2371; baseline -0.002 -19"><span class='ocrx_word' id='word_1_99' title='bbox 299 2289 450 2352; x_wconf 86' lang='lat' dir='ltr'>itionibus</span> <span class='ocrx_word' id='word_1_100' title='bbox 487 2312 506 2352; x_wconf 93' lang='lat' dir='ltr'>a</span> <span class='ocrx_word' id='word_1_101' title='bbox 532 2286 683 2353; x_wconf 84' lang='lat' dir='ltr'>Iuvenale</span> <span class='ocrx_word' id='word_1_102' title='bbox 718 2290 811 2352; x_wconf 86' lang='lat' dir='ltr'>factis</span> <span class='ocrx_word' id='word_1_103' title='bbox 846 2289 954 2352; x_wconf 90' lang='lat' dir='ltr'>attulit</span> <span class='ocrx_word' id='word_1_104' title='bbox 977 2287 1179 2370; x_wconf 78' lang='lat' dir='ltr'>Weiseus1).</span> <span class='ocrx_word' id='word_1_105' title='bbox 1227 2288 1358 2371; x_wconf 83' lang='lat' dir='ltr'>Copiose</span> 
     </span>
    </p>
   </div>
   <div class='ocr_carea' id='block_1_5' title="bbox 301 2413 1359 2498">
    <p class='ocr_par' dir='ltr' id='par_1_6' title="bbox 301 2413 1359 2498">
     <span class='ocr_line' id='line_1_16' title="bbox 301 2413 1359 2498; baseline -0.005 -19"><span class='ocrx_word' id='word_1_106' title='bbox 301 2416 338 2479; x_wconf 88' lang='lat' dir='ltr'>de</span> <span class='ocrx_word' id='word_1_107' title='bbox 363 2414 401 2477; x_wconf 87' lang='lat' dir='ltr'>iis</span> <span class='ocrx_word' id='word_1_108' title='bbox 425 2437 489 2478; x_wconf 92' lang='lat' dir='ltr'>non</span> <span class='ocrx_word' id='word_1_109' title='bbox 513 2416 654 2497; x_wconf 89' lang='lat' dir='ltr'>disputat</span> <span class='ocrx_word' id='word_1_110' title='bbox 677 2437 779 2497; x_wconf 92' lang='lat' dir='ltr'>neque</span> <span class='ocrx_word' id='word_1_111' title='bbox 803 2414 945 2498; x_wconf 80' lang='lat' dir='ltr'>singulas</span> <span class='ocrx_word' id='word_1_112' title='bbox 961 2415 1165 2477; x_wconf 83' lang='lat' dir='ltr'>transitiones</span> <span class='ocrx_word' id='word_1_113' title='bbox 1182 2413 1359 2486; x_wconf 85' lang='lat' dir='ltr'>examinat;</span> 
     </span>
    </p>
   </div>
   <div class='ocr_carea' id='block_1_6' title="bbox 300 2538 1359 2622">
    <p class='ocr_par' dir='ltr' id='par_1_7' title="bbox 300 2538 1359 2622">
     <span class='ocr_line' id='line_1_17' title="bbox 300 2538 1359 2622; baseline 0.001 -21"><span class='ocrx_word' id='word_1_114' title='bbox 300 2539 447 2602; x_wconf 86' lang='lat' dir='ltr'>universe</span> <span class='ocrx_word' id='word_1_115' title='bbox 470 2542 595 2602; x_wconf 86' lang='lat' dir='ltr'>tantum</span> <span class='ocrx_word' id='word_1_116' title='bbox 619 2539 706 2616; x_wconf 89' lang='lat' dir='ltr'>dicit,</span> <span class='ocrx_word' id='word_1_117' title='bbox 730 2539 808 2602; x_wconf 90' lang='lat' dir='ltr'>illud</span> <span class='ocrx_word' id='word_1_118' title='bbox 834 2538 1068 2621; x_wconf 74' lang='lat' dir='ltr'>compositionis</span> <span class='ocrx_word' id='word_1_119' title='bbox 1089 2538 1212 2616; x_wconf 86' lang='lat' dir='ltr'>vitium,</span> <span class='ocrx_word' id='word_1_120' title='bbox 1230 2540 1312 2622; x_wconf 87' lang='lat' dir='ltr'>qnod</span> <span class='ocrx_word' id='word_1_121' title='bbox 1328 2540 1359 2602; x_wconf 90' lang='lat' dir='ltr'>in</span> 
     </span>
    </p>
   </div>
   <div class='ocr_carea' id='block_1_7' title="bbox 299 2664 1364 3871">
    <p class='ocr_par' dir='ltr' id='par_1_8' title="bbox 299 2664 1364 3871">
     <span class='ocr_line' id='line_1_18' title="bbox 300 2664 1361 2748; baseline 0 -22"><span class='ocrx_word' id='word_1_122' title='bbox 300 2665 506 2748; x_wconf 84' lang='lat' dir='ltr'>neglegentia</span> <span class='ocrx_word' id='word_1_123' title='bbox 530 2665 669 2728; x_wconf 90' lang='lat' dir='ltr'>omnium</span> <span class='ocrx_word' id='word_1_124' title='bbox 685 2664 883 2728; x_wconf 84' lang='lat' dir='ltr'>vinculorum</span> <span class='ocrx_word' id='word_1_125' title='bbox 899 2667 1056 2742; x_wconf 87' lang='lat' dir='ltr'>cernatur,</span> <span class='ocrx_word' id='word_1_126' title='bbox 1072 2664 1107 2726; x_wconf 92' lang='lat' dir='ltr'>in</span> <span class='ocrx_word' id='word_1_127' title='bbox 1122 2665 1220 2726; x_wconf 86' lang='lat' dir='ltr'>satira</span> <span class='ocrx_word' id='word_1_128' title='bbox 1236 2686 1361 2746; x_wconf 89' lang='lat' dir='ltr'>quoque</span> 
     </span>
     <span class='ocr_line' id='line_1_19' title="bbox 300 2771 1360 2873; baseline 0.001 -22"><span class='ocrx_word' id='word_1_129' title='bbox 300 2791 414 2871; x_wconf 85' lang='lat' dir='ltr'>quarta</span> <span class='ocrx_word' id='word_1_130' title='bbox 450 2771 571 2852; x_wconf 83' lang='lat' dir='ltr'>decima</span> <span class='ocrx_word' id='word_1_131' title='bbox 605 2789 793 2873; x_wconf 87' lang='lat' dir='ltr'>investigari</span> <span class='ocrx_word' id='word_1_132' title='bbox 822 2811 913 2871; x_wconf 86' lang='lat' dir='ltr'>posse</span> <span class='ocrx_word' id='word_1_133' title='bbox 939 2788 1050 2852; x_wconf 91' lang='lat' dir='ltr'>ethos</span> <span class='ocrx_word' id='word_1_134' title='bbox 1072 2788 1156 2851; x_wconf 87' lang='lat' dir='ltr'>locos</span> <span class='ocrx_word' id='word_1_135' title='bbox 1181 2793 1360 2852; x_wconf 88' lang='lat' dir='ltr'>enumerat:</span> 
     </span>
     <span class='ocr_line' id='line_1_20' title="bbox 301 2910 1361 2995; baseline 0 -19"><span class='ocrx_word' id='word_1_136' title='bbox 301 2914 353 2992; x_wconf 82' lang='lat'>15,</span> <span class='ocrx_word' id='word_1_137' title='bbox 389 2915 441 2992; x_wconf 80' lang='lat'>25,</span> <span class='ocrx_word' id='word_1_138' title='bbox 477 2915 530 2991; x_wconf 74' lang='lat'>44,</span> <span class='ocrx_word' id='word_1_139' title='bbox 567 2915 618 2992; x_wconf 84' lang='lat'>59,</span> <span class='ocrx_word' id='word_1_140' title='bbox 656 2915 707 2992; x_wconf 79' lang='grc'>74,</span> <span class='ocrx_word' id='word_1_141' title='bbox 739 2915 790 2991; x_wconf 93' lang='grc'>77,</span> <span class='ocrx_word' id='word_1_142' title='bbox 816 2914 867 2991; x_wconf 85' lang='grc'>86,</span> <span class='ocrx_word' id='word_1_143' title='bbox 893 2914 945 2990; x_wconf 88' lang='grc'>96,</span> <span class='ocrx_word' id='word_1_144' title='bbox 971 2914 1045 2976; x_wconf 84' lang='lat'>256.</span> <span class='ocrx_word' id='word_1_145' title='bbox 1092 2910 1217 2995; x_wconf 78' lang='lat' dir='ltr'>Inque</span> <span class='ocrx_word' id='word_1_146' title='bbox 1242 2914 1361 2976; x_wconf 87' lang='lat' dir='ltr'>rehoc</span> 
     </span>
     <span class='ocr_line' id='line_1_21' title="bbox 300 3039 1359 3122; baseline -0.001 -21"><span class='ocrx_word' id='word_1_147' title='bbox 300 3043 424 3102; x_wconf 88' lang='lat' dir='ltr'>tantum</span> <span class='ocrx_word' id='word_1_148' title='bbox 448 3041 555 3117; x_wconf 88' lang='lat' dir='ltr'>miror,</span> <span class='ocrx_word' id='word_1_149' title='bbox 581 3063 643 3102; x_wconf 92' lang='lat' dir='ltr'>non</span> <span class='ocrx_word' id='word_1_150' title='bbox 666 3040 806 3122; x_wconf 90' lang='lat' dir='ltr'>potuisse</span> <span class='ocrx_word' id='word_1_151' title='bbox 830 3039 926 3102; x_wconf 87' lang='lat' dir='ltr'>etiam</span> <span class='ocrx_word' id='word_1_152' title='bbox 949 3039 1042 3122; x_wconf 89' lang='lat' dir='ltr'>plura</span> <span class='ocrx_word' id='word_1_153' title='bbox 1062 3039 1207 3121; x_wconf 88' lang='lat' dir='ltr'>exempla</span> <span class='ocrx_word' id='word_1_154' title='bbox 1225 3039 1359 3102; x_wconf 84' lang='lat' dir='ltr'>adferre.</span> 
     </span>
     <span class='ocr_line' id='line_1_22' title="bbox 299 3155 1362 3247; baseline -0.001 -21"><span class='ocrx_word' id='word_1_155' title='bbox 299 3161 361 3228; x_wconf 86' lang='lat' dir='ltr'>Vv.</span> <span class='ocrx_word' id='word_1_156' title='bbox 396 3165 436 3227; x_wconf 87' lang='lat'>15</span> <span class='ocrx_word' id='word_1_157' title='bbox 462 3168 493 3228; x_wconf 93' lang='lat' dir='ltr'>et</span> <span class='ocrx_word' id='word_1_158' title='bbox 516 3166 557 3227; x_wconf 89' lang='grc'>25</span> <span class='ocrx_word' id='word_1_159' title='bbox 581 3165 740 3247; x_wconf 88' lang='lat' dir='ltr'>particula</span> <span class='ocrx_word' id='word_1_160' title='bbox 764 3164 943 3246; x_wconf 88' lang='lat' dir='ltr'>copulativa</span> <span class='ocrx_word' id='word_1_161' title='bbox 967 3155 1083 3226; x_wconf 79' lang='lat' dir='ltr'>omissa</span> <span class='ocrx_word' id='word_1_162' title='bbox 1106 3166 1164 3241; x_wconf 87' lang='lat' dir='ltr'>est,</span> <span class='ocrx_word' id='word_1_163' title='bbox 1188 3162 1243 3226; x_wconf 88' lang='lat' dir='ltr'>sed</span> <span class='ocrx_word' id='word_1_164' title='bbox 1268 3185 1362 3226; x_wconf 90' lang='lat' dir='ltr'>nemo</span> 
     </span>
     <span class='ocr_line' id='line_1_23' title="bbox 302 3287 1361 3372; baseline -0.001 -22"><span class='ocrx_word' id='word_1_165' title='bbox 302 3291 349 3350; x_wconf 90' lang='lat' dir='ltr'>est</span> <span class='ocrx_word' id='word_1_166' title='bbox 372 3289 448 3372; x_wconf 93' lang='lat' dir='ltr'>quin</span> <span class='ocrx_word' id='word_1_167' title='bbox 471 3289 655 3372; x_wconf 78' lang='lat' dir='ltr'>intellegat,</span> <span class='ocrx_word' id='word_1_168' title='bbox 673 3287 817 3351; x_wconf 85' lang='lat' dir='ltr'>Rutilum</span> <span class='ocrx_word' id='word_1_169' title='bbox 842 3294 874 3352; x_wconf 92' lang='lat' dir='ltr'>et</span> <span class='ocrx_word' id='word_1_170' title='bbox 897 3287 1038 3372; x_wconf 82' lang='lat' dir='ltr'>Largam</span> <span class='ocrx_word' id='word_1_171' title='bbox 1061 3309 1124 3351; x_wconf 92' lang='lat' dir='ltr'>non</span> <span class='ocrx_word' id='word_1_172' title='bbox 1148 3288 1251 3350; x_wconf 87' lang='lat' dir='ltr'>minus</span> <span class='ocrx_word' id='word_1_173' title='bbox 1276 3309 1361 3350; x_wconf 83' lang='lat' dir='ltr'>con]-</span> 
     </span>
     <span class='ocr_line' id='line_1_24' title="bbox 300 3412 1363 3504; baseline 0 -30"><span class='ocrx_word' id='word_1_174' title='bbox 300 3413 392 3476; x_wconf 92' lang='lat' dir='ltr'>mode</span> <span class='ocrx_word' id='word_1_175' title='bbox 416 3413 541 3504; x_wconf 77' lang='lat' dir='ltr'>induci,</span> <span class='ocrx_word' id='word_1_176' title='bbox 558 3430 653 3496; x_wconf 87' lang='lat' dir='ltr'>quam</span> <span class='ocrx_word' id='word_1_177' title='bbox 676 3413 710 3476; x_wconf 92' lang='lat' dir='ltr'>in</span> <span class='ocrx_word' id='word_1_178' title='bbox 733 3412 891 3496; x_wconf 87' lang='lat' dir='ltr'>prioribus</span> <span class='ocrx_word' id='word_1_179' title='bbox 911 3413 1055 3476; x_wconf 83' lang='lat' dir='ltr'>versibus</span> <span class='ocrx_word' id='word_1_180' title='bbox 1073 3413 1245 3476; x_wconf 87' lang='lat' dir='ltr'>aleatorem</span> <span class='ocrx_word' id='word_1_181' title='bbox 1263 3413 1363 3475; x_wconf 91' lang='lat' dir='ltr'>nebu-</span> 
     </span>
     <span class='ocr_line' id='line_1_25' title="bbox 301 3536 1364 3627; baseline -0.003 -28"><span class='ocrx_word' id='word_1_182' title='bbox 301 3536 483 3627; x_wconf 78' lang='lat' dir='ltr'>lonemque,</span> <span class='ocrx_word' id='word_1_183' title='bbox 518 3538 662 3620; x_wconf 84' lang='lat' dir='ltr'>quamvis</span> <span class='ocrx_word' id='word_1_184' title='bbox 696 3537 780 3600; x_wconf 87' lang='lat' dir='ltr'>inter</span> <span class='ocrx_word' id='word_1_185' title='bbox 813 3537 870 3601; x_wconf 89' lang='lat' dir='ltr'>hos</span> <span class='ocrx_word' id='word_1_186' title='bbox 906 3538 981 3600; x_wconf 89' lang='lat' dir='ltr'>duos</span> <span class='ocrx_word' id='word_1_187' title='bbox 1016 3537 1183 3618; x_wconf 87' lang='lat' dir='ltr'>particula,</span> <span class='ocrx_word' id='word_1_188' title='bbox 1219 3558 1291 3618; x_wconf 88' lang='lat' dir='ltr'>quae</span> <span class='ocrx_word' id='word_1_189' title='bbox 1316 3539 1364 3599; x_wconf 86' lang='lat' dir='ltr'>est</span> 
     </span>
     <span class='ocr_line' id='line_1_26' title="bbox 301 3661 1362 3746; baseline 0 -23"><span class='ocrx_word' id='word_1_190' title='bbox 301 3683 360 3724; x_wconf 91' lang='lat' dir='ltr'>nec</span> <span class='ocrx_word' id='word_1_191' title='bbox 397 3661 440 3741; x_wconf 88' lang='lat' dir='ltr'>(v.</span> <span class='ocrx_word' id='word_1_192' title='bbox 465 3661 507 3744; x_wconf 83' lang='lat'>6),</span> <span class='ocrx_word' id='word_1_193' title='bbox 543 3663 702 3726; x_wconf 89' lang='lat' dir='ltr'>inculcata</span> <span class='ocrx_word' id='word_1_194' title='bbox 735 3663 786 3726; x_wconf 86' lang='lat' dir='ltr'>sit.</span> <span class='ocrx_word' id='word_1_195' title='bbox 834 3662 1019 3727; x_wconf 82' lang='lat' dir='ltr'>Coniunctio</span> <span class='ocrx_word' id='word_1_196' title='bbox 1055 3661 1233 3746; x_wconf 87' lang='lat' dir='ltr'>copulativa</span> <span class='ocrx_word' id='word_1_197' title='bbox 1265 3685 1296 3725; x_wconf 85' lang='lat' dir='ltr'>v.</span> <span class='ocrx_word' id='word_1_198' title='bbox 1321 3663 1362 3723; x_wconf 74' lang='lat'>44</span> 
     </span>
     <span class='ocr_line' id='line_1_27' title="bbox 303 3785 1362 3871; baseline 0 -24"><span class='ocrx_word' id='word_1_199' title='bbox 303 3785 509 3865; x_wconf 87' lang='lat' dir='ltr'>desideratur,</span> <span class='ocrx_word' id='word_1_200' title='bbox 545 3789 599 3850; x_wconf 87' lang='lat' dir='ltr'>sed</span> <span class='ocrx_word' id='word_1_201' title='bbox 624 3789 721 3852; x_wconf 90' lang='lat' dir='ltr'>etiam</span> <span class='ocrx_word' id='word_1_202' title='bbox 744 3811 773 3851; x_wconf 82' lang='lat' dir='ltr'>v.</span> <span class='ocrx_word' id='word_1_203' title='bbox 798 3788 851 3851; x_wconf 85' lang='grc'>47.</span> <span class='ocrx_word' id='word_1_204' title='bbox 898 3787 943 3851; x_wconf 87' lang='lat' dir='ltr'>At</span> <span class='ocrx_word' id='word_1_205' title='bbox 966 3810 1049 3851; x_wconf 83' lang='lat' dir='ltr'>nova</span> <span class='ocrx_word' id='word_1_206' title='bbox 1072 3809 1146 3871; x_wconf 88' lang='lat' dir='ltr'>pars</span> <span class='ocrx_word' id='word_1_207' title='bbox 1169 3787 1276 3850; x_wconf 88' lang='lat' dir='ltr'>satirae</span> <span class='ocrx_word' id='word_1_208' title='bbox 1300 3807 1362 3850; x_wconf 90' lang='lat' dir='ltr'>non</span> 
     </span>
    </p>
   </div>
   <div class='ocr_carea' id='block_1_8' title="bbox 305 3909 1363 3995">
    <p class='ocr_par' dir='ltr' id='par_1_9' title="bbox 305 3909 1363 3995">
     <span class='ocr_line' id='line_1_28' title="bbox 305 3909 1363 3995; baseline 0 -23"><span class='ocrx_word' id='word_1_209' title='bbox 305 3909 419 3994; x_wconf 90' lang='lat' dir='ltr'>incipit</span> <span class='ocrx_word' id='word_1_210' title='bbox 442 3934 461 3974; x_wconf 89' lang='lat' dir='ltr'>a</span> <span class='ocrx_word' id='word_1_211' title='bbox 483 3934 512 3975; x_wconf 85' lang='lat' dir='ltr'>v.</span> <span class='ocrx_word' id='word_1_212' title='bbox 538 3914 590 3991; x_wconf 83' lang='lat'>47,</span> <span class='ocrx_word' id='word_1_213' title='bbox 614 3913 727 3995; x_wconf 88' lang='lat' dir='ltr'>incipit</span> <span class='ocrx_word' id='word_1_214' title='bbox 751 3936 769 3976; x_wconf 88' lang='lat' dir='ltr'>a</span> <span class='ocrx_word' id='word_1_215' title='bbox 792 3935 822 3977; x_wconf 83' lang='lat' dir='ltr'>v.</span> <span class='ocrx_word' id='word_1_216' title='bbox 846 3913 908 3976; x_wconf 72' lang='lat'>44?</span> <span class='ocrx_word' id='word_1_217' title='bbox 943 3910 1003 3991; x_wconf 89' lang='lat' dir='ltr'>Ita,</span> <span class='ocrx_word' id='word_1_218' title='bbox 1028 3913 1083 3976; x_wconf 87' lang='lat' dir='ltr'>sed</span> <span class='ocrx_word' id='word_1_219' title='bbox 1099 3916 1242 3976; x_wconf 89' lang='lat' dir='ltr'>nontam</span> <span class='ocrx_word' id='word_1_220' title='bbox 1259 3911 1363 3975; x_wconf 87' lang='lat' dir='ltr'>aliena</span> 
     </span>
    </p>
   </div>
   <div class='ocr_carea' id='block_1_9' title="bbox 301 4053 513 4062">
    <p class='ocr_par' dir='ltr' id='par_1_10' title="bbox 301 4053 513 4062">
     <span class='ocr_line' id='line_1_29' title="bbox 301 4053 513 4062; baseline 0.009 -2"><span class='ocrx_word' id='word_1_221' title='bbox 301 4053 513 4062; x_wconf 49' lang='grc' dir='ltr'>-Μ</span> 
     </span>
    </p>
   </div>
   <div class='ocr_carea' id='block_1_10' title="bbox 411 4120 732 4194">
    <p class='ocr_par' dir='ltr' id='par_1_11' title="bbox 411 4120 732 4194">
     <span class='ocr_line' id='line_1_30' title="bbox 411 4120 732 4194; baseline 0 -18"><span class='ocrx_word' id='word_1_222' title='bbox 411 4120 431 4190; x_wconf 79' lang='lat'>⁸)</span> <span class='ocrx_word' id='word_1_223' title='bbox 451 4123 545 4178; x_wconf 79' lang='lat' dir='ltr'>Wnrsa</span> <span class='ocrx_word' id='word_1_224' title='bbox 564 4124 583 4177; x_wconf 89' lang='lat' dir='ltr'>l.</span> <span class='ocrx_word' id='word_1_225' title='bbox 603 4124 621 4177; x_wconf 93' lang='lat' dir='ltr'>l.</span> <span class='ocrx_word' id='word_1_226' title='bbox 641 4143 667 4194; x_wconf 91' lang='lat' dir='ltr'>p.</span> <span class='ocrx_word' id='word_1_227' title='bbox 690 4126 732 4177; x_wconf 92' lang='grc'>11.</span> 
     </span>
    </p>
   </div>
   <div class='ocr_carea' id='block_1_11' title="bbox 0 0 1476 4836">
    <p class='ocr_par' dir='ltr' id='par_1_12' title="bbox 0 0 1476 4836">
     <span class='ocr_line' id='line_1_31' title="bbox 0 0 1476 4836; baseline 0 0"><span class='ocrx_word' id='word_1_228' title='bbox 0 0 1476 4836; x_wconf 95' lang='lat' dir='ltr'> </span> 
     </span>
    </p>
   </div>
  </div>
 </body>
</html>
