2930 4836
709 441 904 502 -112-

280 620 356 682 261.
386 617 496 702 ¹Paulo
520 617 603 680 infra
628 615 670 698 (v.
696 618 750 692 82)
775 617 863 680 addit
886 617 1040 700 seriptum
1057 620 1106 679 est
1122 616 1233 680 eodem
1248 617 1331 680 modo

276 765 339 825 quo
361 739 437 806 XII.
462 743 503 806 46
526 742 623 818 adde;
648 744 734 804 reete
751 741 852 825 igitur
867 739 1089 825 Bergmueller
1104 743 1222 815 monet,
1240 741 1333 804 mani·

276 867 412 932 festum1
428 888 508 944 esse,
543 855 670 948 poetam
706 864 875 928 formulam
910 865 990 928 adde
1025 866 1177 929 memoria
1212 865 1333 948 quidem

277 991 427 1067 tenuisse,
464 991 519 1053 sed
553 991 593 1053 ad
627 991 717 1054 verbi
749 1012 918 1073 personam
941 990 974 1053 in
997 1012 1090 1054 versu
1114 989 1333 1053 antecedente:

217 1143 220 1146 ·
275 1137 335 1198 per
358 1114 440 1180 Solis
464 1115 568 1178 radios
592 1113 792 1197 Tarpeiaque
816 1114 951 1178 fulmina
966 1115 1060 1194 iurat,
1077 1115 1292 1178 conformasse
1304 1115 1333 1195 ¹).

182 1248 184 1254 '
278 1238 342 1304 cfr.
367 1238 406 1302 X.
432 1239 484 1302 43.

383 1363 603 1446 Amplificatio
628 1366 675 1425 est
698 1386 748 1428 vv.
774 1365 921 1428 84—85:

367 1529 485 1587 sivero
509 1533 539 1586 et
562 1533 648 1604 pater
672 1537 725 1598 est,
751 1530 911 1596 comedam,
936 1529 1043 1604 inquit,
1067 1527 1164 1588 flebile
1188 1530 1252 1587 nati

366 1637 496 1712 sinciput
520 1636 588 1693 elixi
611 1635 779 1710 Pharioque
802 1636 947 1693 madentis
971 1640 1055 1694 aoeto
1323 1623 1327 1630 ¹

232 1862 235 1868 .
275 1799 331 1863 ubi
365 1799 450 1862 idem
484 1803 585 1881 poetae
619 1805 692 1861 ante
717 1797 823 1862 oculos
848 1799 1051 1863 obversatum
1075 1802 1132 1880 est,
1157 1789 1242 1881 quod
1265 1797 1332 1862 XII.

279 1924 340 1986 118
375 1947 444 2006 sqq.
489 1923 530 1988 V.
567 1925 608 1988 98
645 1923 935 2007 interrogationem,
972 1947 991 1986 a
1024 1923 1130 1986 verbis
1154 1923 1230 2008 quid
1255 1925 1334 1986 enim

185 2069 189 2086 ·
275 2049 492 2130 incipientem,
518 2070 625 2112 rursus
649 2049 838 2126 inve-nimae,
863 2048 919 2112 cfr.
944 2049 1028 2111 infra
1051 2071 1082 2111 v.
1108 2049 1182 2112 234.
1265 2122 1268 2126 ¹

201 2136 204 2144 ·
385 2172 446 2236 Vv.
474 2174 647 2236 106--108
672 2174 738 2236 sine
764 2173 859 2236 dubio
882 2172 1012 2256 legendi
1036 2177 1124 2237 sunt:

382 2339 423 2398 sio
447 2338 578 2396 animum
602 2339 672 2396 dirae
697 2339 844 2414 trepidum
871 2338 1026 2397 formidine
1050 2341 1144 2416 enlpae

384 2447 547 2514 confirmat,
572 2449 644 2503 tuno
668 2450 697 2502 te
721 2465 805 2504 saera
829 2447 866 2503 ad
891 2447 1014 2504 delubra
1038 2451 1193 2504 vocantem

368 2545 531 2627 praeeedit,
557 2553 674 2610 trahere
698 2553 788 2610 immo
811 2553 892 2611 ultro
917 2572 950 2610 ao
974 2549 1081 2610 vexare
1105 2556 1229 2628 paratus

382 2706 415 2770 Si
437 2707 615 2784 lectionem,
640 2726 710 2789 quae
734 2707 766 2769 in
790 2706 841 2770 Ρω
865 2711 913 2770 est
936 2708 1135 2784 confirmant,
1152 2708 1336 2785 retinemus,

275 2833 509 2897 concedendum
544 2835 601 2909 est,
637 2835 763 2915 poetam
786 2809 847 2895 hoo
871 2831 939 2894 loeo
962 2854 1128 2894 numerum
1152 2833 1335 2911 mutavisse,

275 2959 359 3042 quod
383 2961 494 3021 contra
517 2979 637 3020 morem
661 2957 727 3020 eius
752 2979 819 3019 esse
837 2956 975 3020 Kiaerius
993 2957 1155 3020 adfirmat:
1182 2959 1236 3018 ant
1252 2957 1338 3020 enim

275 3086 378 3165 poeta,
402 3083 516 3165 inquit,
540 3102 602 3144 uno
625 3082 695 3144 vitii
720 3081 852 3144 alicuius
877 3082 1022 3162 exemplo
1040 3063 1175 3164 prolata
1192 3102 1250 3163 per
1266 3081 1339 3164 plu·

244 3226 246 3233 ·
274 3209 374 3272 ratem
397 3229 563 3270 nnmerum
587 3227 694 3269 omnes
717 3205 872 3282 homines,
896 3206 951 3288 qui
968 3228 1004 3268 eo
1020 3205 1178 3284 laborant,
1196 3205 1339 3289 eomple-

275 3334 380 3412 otitur,
405 3336 459 3396 aut
482 3336 550 3396 toto
573 3353 690 3416 genere
715 3335 970 3408 commemorato,
996 3330 1175 3412 exemplum
1199 3330 1338 3412 sumre).

276 3453 348 3540 Ipse
385 3459 572 3520 confirmant
607 3455 727 3534 scribit,
765 3456 819 3518 sed
843 3456 1021 3520 subiectum
1044 3455 1137 3518 huius
1162 3455 1252 3518 verbi
1276 3478 1340 3519 non

274 3581 437 3664 improbos
472 3582 615 3644 homines
652 3603 719 3643 esse
752 3580 838 3657 dioit,
863 3580 918 3642 sed
941 3601 1043 3657 voceS,
1068 3601 1138 3662 quae
1163 3583 1238 3642 sunt
1261 3581 1338 3644 dira

276 3706 391 3789 eulpae,
427 3706 510 3788 quod
545 3709 652 3768 tamen
676 3705 803 3768 defendi
827 3704 880 3767 vix
904 3706 1019 3786 potest,
1044 3725 1116 3766 oum
1140 3703 1243 3786 eulpae
1270 3707 1339 3769 ani-

276 3853 363 3894 mum
397 3830 563 3912 trepidum·
591 3830 674 3892 male
711 3830 907 3906 confirment,
943 3829 1121 3911 praesertim
1157 3850 1228 3892 cum
1260 3830 1338 3893 dirae

385 4043 404 4110 ¹)
425 4045 606 4096 Raraunum
624 4043 642 4095 l.
662 4043 680 4095 l.
699 4061 726 4110 p.
747 4042 788 4094 31.

384 4131 403 4200 ⁹)
424 4134 501 4186 Kriou
519 4133 537 4184 l.
559 4132 577 4184 l.
596 4150 622 4199 p.
644 4132 704 4184 222.
