2916 4834
580 405 754 468 ..33-

125 604 253 648 sonam:
278 605 403 647 omnem
425 582 568 666 profecto
592 581 811 646 difficultatem
834 581 1008 648 sustuleris,
1043 578 1199 648 Versibus

131 709 285 774 131-36
320 708 380 772 hoc
415 707 517 782 solum
543 711 640 790 poeta
664 706 750 786 dicit,
773 706 969 785 libertinum,
993 709 1087 772 modo
1110 707 1198 772 dives

124 835 183 915 sit,
208 858 227 898 a
250 834 317 898 filio
339 854 480 918 paupere
504 833 715 919 ingenuorum
739 832 802 896 coli
817 832 857 896 ob
874 854 945 896 eam
960 854 1098 911 causam,
1115 833 1199 916 quod

129 959 187 1025 ille
222 960 299 1023 satis
334 959 440 1042 ampla
474 959 558 1022 bona
590 956 719 1038 habeat,
755 957 870 1040 quibus
899 979 1039 1022 amorem
1063 957 1214 1028 divitum.

127 1085 348 1150 matronarum
372 1083 510 1149 retinere
530 1083 643 1166 possit,
672 1081 725 1146 hic
749 1086 922 1147 contrane
945 1082 1105 1146 sordidam
1127 1083 1199 1166 qui-

129 1211 204 1274 dem
241 1209 376 1273 amicam
410 1209 513 1272 visere
549 1209 674 1297 audeat.
719 1206 874 1287 Verbum,
905 1207 987 1291 quod
1012 1210 1060 1272 est
1082 1206 1132 1270 bic
1155 1207 1198 1289 (.

128 1333 220 1416 131),
254 1334 440 1398 adverbium
469 1336 517 1397 est
540 1332 602 1415 (cfr
624 1355 654 1398 r.
681 1332 772 1414 127);
797 1333 877 1395 alter
899 1332 912 1414 (
935 1383 941 1395 .
968 1331 1044 1413 132)
1067 1332 1199 1415 respicit

127 1460 264 1524 divitem
288 1459 379 1522 illum
412 1458 614 1536 libertinum3
651 1459 732 1521 euim
760 1479 888 1521 oausam
912 1456 1025 1535 adfert,
1050 1478 1106 1520 our
1128 1457 1197 1520 isa

128 1584 198 1649 filio
220 1585 432 1668 ingenuorum
455 1582 587 1647 colatur.
636 1581 695 1664 Ta,
720 1583 803 1665 quod
825 1604 855 1646 v.
882 1580 945 1645 134
960 1581 1091 1666 legitur,
1111 1579 1196 1644 hunc

125 1709 232 1773 filium
267 1707 438 1794 signifieat,
472 1708 528 1791 qui
562 1706 615 1771 vix
646 1707 742 1771 audet
773 1706 851 1771 sella
875 1706 1029 1769 deducere
1054 1704 1197 1769 Chionen

124 1834 288 1899 vestitam.
335 1829 386 1896 Sic
421 1834 498 1896 sine*
525 1832 620 1896 dubio
655 1831 768 1895 melius
799 1830 884 1894 hunc
911 1830 1015 1894 locum
1037 1830 1196 1913 interpre-

123 1961 244 2036 tamur,
269 1956 416 2040 quamsi
440 1957 479 2020 ad
504 1955 841 2020 ceterorum'artificia
864 1955 1096 2040 confugiamus,

237 2079 424 2146 Iuvenalem
453 2084 622 2165 postquam
646 2103 714 2145 rem
736 2063 933 2163 propositam
956 2102 995 2144 ex
1018 2102 1081 2143 una
1103 2083 1195 2162 parte

123 2207 206 2271 satis
231 2207 285 2270 diu
309 2205 543 2270 collustraverit
567 2205 606 2268 ad
631 2203 766 2278 alteram
787 2209 913 2287 partem
934 2203 1196 2269 considerandam

126 2353 215 2415 saepe
238 2331 284 2395 ita
306 2331 453 2409 transire,
482 2333 517 2393 ut
540 2330 687 2394 iunctura
710 2329 890 2393 necessaria
913 2329 1017 2393 omitti
1039 2329 1194 2409 videatur,

125 2458 193 2521 iam
229 2477 313 2539 saepe
349 2455 579 2519 admonuimus.
632 2452 693 2518 Sed
728 2456 853 2517 tantum
888 2454 988 2533 abest,
1019 2456 1054 2517 ut
1081 2452 1141 2518 hoc
1165 2455 1195 2517 ei

126 2581 209 2646 vitio
244 2581 344 2644 tribui
377 2580 488 2663 possit,
518 2581 687 2643 utcontra
711 2579 909 2662 aptissimam
933 2578 1028 2641 etad
1052 2600 1099 2657 ea,
1123 2601 1193 2662 quae

124 2681 257 2771 sentiat
270 2709 375 2789 poeta,
399 2704 606 2788 exprimenda
628 2703 766 2767 maxime
790 2703 937 2767 idoneam
958 2724 1025 2767 esse
1042 2703 1195 2767 eiusmodi

125 2831 268 2895 subitam
291 2829 520 2907 transitionem,
552 2829 725 2894 concedere
749 2827 844 2891 facile
868 2849 1030 2913 cogamur.
1076 2827 1194 2891 Exem-

123 2955 192 3040 plis
215 2954 307 3019 nobis
331 2957 405 3017 sunt
427 2976 477 3017 vv.
504 2954 567 3017 190
592 2975 672 3036 sqq„
696 2952 730 3016 in
753 2952 869 3036 quibus
884 2973 987 3016 sermo
1003 2952 1035 3016 in
1051 2951 1194 3034 pericula

123 3080 215 3144 urbis
237 3079 360 3157 incidit,
385 3079 460 3142 dum
482 3078 542 3142 hoc
559 3077 688 3141 minime
704 3076 924 3162 praesagimus.
960 3075 1071 3140 'Palem
1087 3079 1192 3140 trans-

121 3205 266 3284 irionem,
302 3203 404 3287 qualis
439 3201 508 3266 haec
543 3204 600 3282 est,
635 3201 670 3265 in
701 3201 926 3266 consuetudine
960 3204 1065 3283 poetae
1095 3200 1191 3263 sitam

125 3351 207 3408 esse,
242 3351 315 3392 eum
350 3328 414 3392 alia
449 3327 595 3410 exempla
630 3329 752 3405 docent,
787 3329 856 3390 tum
887 3325 1025 3389 maxime
1050 3334 1097 3403 ea,
1121 3346 1192 3408 quae

123 3456 192 3518 sat.
216 3449 290 3518 VH.
317 3453 380 3517 150
404 3451 557 3536 leguntur
646 3457 647 3462 ’

288 3654 453 3712 declamare
477 3654 580 3711 doces?
604 3671 621 3711 o
645 3653 741 3710 ferrea
763 3657 885 3726 pectora
908 3649 993 3707 Vetti

123 3865 162 3926 et
182 3861 279 3944 paulo
301 3861 388 3925 infra
411 3860 454 3944 (v.
480 3859 557 3942 215)

288 4081 353 4157 quis
376 4080 490 4158 gremio
514 4078 614 4138 Celadi
638 4078 776 4154 doctique
799 4075 975 4136 Palaemonis
1000 4075 1106 4134 adfert.

1069 4192 1086 4246 3
