2930 4836
712 426 912 490 —126—

392 610 433 668 sic
457 613 566 668 natura
589 609 686 668 iubet:
711 609 840 668 velocius
864 612 895 667 et
917 607 1004 667 citius
1028 627 1080 666 nos

393 719 589 792 corrumpunt
611 716 752 775 vitiorum
776 717 908 790 exempla
932 715 1100 785 domesticu,
1125 715 1240 790 magnis

393 843 460 882 cum
483 823 609 882 subeant
625 823 757 880 enimes,
769 823 941 881 auctoribus

286 985 330 1050 Et
352 986 448 1070 paulo
471 986 556 1050 infra
578 984 648 1050 haec
671 986 759 1050 addit
780 1009 831 1049 vv.
856 986 1003 1050 40—41:

742 1161 881 1236 quoniam
905 1161 1012 1220 dociles
1036 1160 1185 1245 imitundis

447 1267 584 1344 turpibus
608 1287 642 1326 ac
665 1267 764 1343 pravis
788 1287 887 1326 omnes
911 1287 1013 1326 sumus

286 1447 448 1534 Nequitiae
472 1472 547 1513 vero
570 1449 688 1534 gradus
713 1470 781 1512 csse
806 1449 897 1512 docet
920 1471 970 1512 vv.
996 1450 1060 1512 215
1084 1471 1170 1532 sqq.:

510 1701 512 1704 v
539 1691 542 1698 Ι
706 1624 837 1682 nondum
861 1624 1019 1698 implevere
1043 1623 1187 1682 medullas

351 1735 478 1790 meturae
503 1732 581 1790 male
604 1731 754 1806 nequitiae,
780 1734 826 1788 ast
849 1749 917 1788 cuni
940 1734 1058 1806 pectere
1081 1731 1206 1788 barbam
1230 1734 1285 1788 cet.

288 1911 353 1978 cfr.
377 1937 427 1976 vv.
454 1914 517 1977 123
541 1934 621 1996 sqq„
647 1914 709 1977 138
734 1934 814 1996 sqq„
840 1886 1024 1992 227-4234,
1050 1913 1113 1974 244
1137 1934 1228 1994 sqq„

393 2037 442 2100 De
466 2038 616 2120 periculis
640 2037 795 2102 mulorum
819 2037 1036 2119 exemplorum
1059 2058 1144 2119 saepe
1165 2037 1322 2120 loquitur:

922 2212 973 2270 sed
997 2212 1068 2288 quid

468 2339 526 2377 non
550 2320 660 2378 facient
683 2319 742 2388 elii,
768 2338 835 2378 cum
858 2322 894 2376 tu
916 2319 1049 2376 multicia
1073 2337 1171 2376 sumas

469 2426 581 2485 Cretico
967 2423 1018 2496 (Π.
1044 2424 1186 2496 65--67)

392 2596 503 2654 scilicet
528 2598 687 2670 exspectes,
711 2598 747 2652 ut
770 2595 871 2652 trudet
893 2598 988 2652 mater
1011 2595 1149 2652 honestos

393 2706 482 2778 atque
507 2701 578 2760 elios
602 2721 707 2772 meres
730 2721 820 2777 quam
841 2720 915 2775 quos
935 2701 1043 2758 hehet?
1079 2700 1144 2771 (VI.
1160 2700 1345 2770 239-—240)

393 2891 459 2947 quae
484 2889 542 2929 non
565 2870 654 2928 faciet
678 2870 758 2944 quod
781 2869 921 2945 principis
944 2873 1040 2928 uxor?
1079 2868 1144 2938 (VI.
1163 2867 1239 2939 617)

392 3069 439 3108 res
462 3049 543 3106 haud
565 3048 639 3105 mira
662 3051 761 3105 tannen
786 3047 955 3105 citharoedo
977 3047 1109 3122 principe
1132 3046 1240 3104 mimus

392 3156 498 3215 nobilis
949 3152 1257 3244 (vitinus—199)

287 3337 335 3401 De
359 3338 511 3423 gradibus
535 3336 724 3419 corruptelae
749 3357 821 3398 cum
845 3334 915 3398 aliis
938 3335 1015 3398 locis
1039 3338 1107 3398 tum
1129 3333 1180 3396 his
1204 3334 1289 3418 agit:

393 3512 506 3570 foedius
529 3513 584 3570 hoc
608 3510 721 3585 aliquid
744 3510 927 3585 quandoque
946 3508 1068 3566 audebis
1092 3507 1219 3567 amictu:

392 3637 477 3676 nemo
500 3621 621 3694 repente
645 3617 703 3674 fuit
726 3615 924 3691 turpissimus.
949 3614 1093 3690 accipient
1115 3618 1145 3672 te

392 3724 547 3800 paulatim,
573 3725 624 3800 qui
648 3728 704 3782 cet.
1018 3720 1070 3791 (II.
1097 3721 1239 3792 82—84)

624 3896 723 3950 'tamen
748 3893 785 3950 ad
808 3898 903 3950 mores
927 3895 1035 3949 natura
1059 3890 1186 3949 l'eculn'it

392 4002 546 4059 damnatos
569 4000 626 4057 fixa
650 4003 679 4057 et
701 4000 812 4057 mutari
836 3999 942 4057 nescia.
967 4018 1036 4055 nem
1060 3997 1125 4072 quis

392 4108 532 4183 peccandi
555 4107 642 4164 finem
666 4105 765 4181 posuit
788 4107 862 4164 sibi?
918 4104 1014 4176 (XIII.
1041 4098 1238 4179 2392-241).
