2854 4828
546 437 719 502 „13-

591 620 734 695 testisque
758 619 905 695 Neapolis
928 620 1006 676 iuter

229 730 259 786 et
283 724 496 794 Oumcslocus
520 730 573 796 est,
599 727 700 787 multis
724 727 783 784 iam
808 727 934 802 frigidus
958 726 1051 794 annis

229 833 364 910 quamvis
388 837 533 892 {eternum
556 834 731 910 pinguescat
755 834 791 892 ab
816 834 907 893 ubere
931 833 1028 892 sulfur

198 1015 306 1082 ¹Recte
343 1015 506 1079 admoneri
540 1017 655 1098 potest,
690 1014 772 1079 nihil
806 1015 839 1077 in
874 1014 924 1077 his
957 1013 1102 1078 versibus
1126 1013 1165 1077 de

98 1143 208 1204 moute
245 1144 299 1203 aut
333 1140 409 1224 iugo
445 1117 523 1217 dici,⁸
547 1140 602 1203 sed
625 1139 686 1203 hoc
711 1139 824 1202 saltem
848 1139 1084 1203 concedendum
1108 1144 1165 1216 est,

99 1265 168 1328 iure
200 1287 272 1328 eum
307 1265 414 1328 locum
436 1265 521 1328 inter
543 1262 703 1348 Neapolis
727 1267 760 1327 et
783 1263 898 1328 Cumas
922 1265 1028 1343 situm,
1053 1287 1165 1348 quam-

97 1390 148 1453 vis
172 1389 226 1452 <liu
242 1389 413 1474 ¹frigidum,
438 1394 546 1454 tamen
569 1391 752 1472 suspectum
768 1387 917 1452 Cumanis
934 1389 1165 1472 dicipotuisse.

98 1513 181 1589 Quid
203 1514 349 1597 impedit,
374 1536 414 1577 ne
437 1513 548 1598 iugum
572 1514 679 1591 fuerit,
703 1513 822 1578 vitibus
846 1513 986 1577 obsitum
1002 1549 1043 1558 --
1061 1513 1166 1596 parcis

98 1640 243 1715 fortasse,
268 1639 300 1702 id
324 1637 405 1704 nihil
429 1639 469 1702 ad
492 1607 571 1715 rem,¹
594 1661 669 1702 nam
693 1639 789 1701 etiam
814 1637 962 1703 Gaurana
985 1611 1167 1721 uva-parca

100 1767 186 1828 erat:
224 1765 276 1824 uui
301 1759 403 1841 ὀλίγος
426 1765 479 1824 καὶ
502 1762 676 1832 κάλλιστος.

205 1886 299 1951 Nihil
335 1889 420 1970 apud
453 1883 639 1951 iuvenalem
674 1889 789 1972 saepius
820 1887 866 1966 fit,
891 1909 986 1971 quam
1010 1890 1045 1950 ut
1068 1888 1166 1951 verba
1192 1933 1195 1954 .

97 2013 217 2096 aliqua,
247 2034 310 2077 non
346 2014 385 2077 ab
421 2035 458 2076 eo
493 2013 587 2092 dicta,
624 2034 759 2095 quocum
794 2011 983 2095 colloquium
1018 2011 1165 2092 habetur,
1236 2065 1237 2068 ,

96 2138 155 2200 sed
190 2139 231 2201 ab
266 2137 338 2213 alio,
369 2138 457 2201 cuius
481 2138 613 2201 fortuita
635 2137 756 2201 mentio
779 2137 865 2200 facta
888 2141 945 2215 est,
970 2137 1004 2198 in
1027 2136 1166 2199 mediam

96 2262 274 2325 orationem
298 2262 490 2340 inseruntur,
514 2265 550 2325 ut
572 2285 601 2326 v.
628 2263 685 2326 63:

313 2437 466 2512 improbus
491 2456 530 2504 es,
556 2455 624 2495 cum
647 2436 752 2511 poscis,
778 2436 820 2494 ait

96 2640 170 2702 quae
194 2620 293 2683 verba
315 2605 472 2702 praeterea
497 2640 565 2681 cum
591 2617 640 2696 iis,
664 2639 735 2700 quae
760 2613 835 2681 VH.
862 2618 924 2680 158
948 2617 1112 2701 leguntur:

247 2810 260 2840 υ
314 2794 478 2851 mercedem
503 2794 651 2869 appellas?
676 2794 748 2870 quid
772 2793 848 2850 enim
873 2792 952 2850 scio?

96 2990 167 3048 tam
201 2985 370 3048 manifesto
405 2988 594 3068 congruunt,
619 2987 654 3047 ut
677 2984 710 3047 id
734 2983 860 3047 silentio
882 2983 1048 3067 praeterire
1071 2982 1164 3046 nolu·

99 3109 190 3174 erim.
237 3107 344 3173 Semet
378 3110 446 3193 ipse
481 3109 581 3193 igitur
614 3109 706 3192 quasi
728 3110 825 3173 iterat
848 3105 1028 3172 Iuvenalis?
1063 3106 1165 3190 Saepe,

97 3235 156 3299 sed
191 3235 247 3311 ita,
282 3239 318 3298 ut
340 3234 421 3298 nihil
445 3234 653 3298 offendamur.
700 3231 773 3298 Non
798 3237 846 3297 est
869 3234 981 3297 vitium
1005 3233 1084 3296 illud
1109 3254 1166 3315 ap-

97 3359 294 3445 pellandum,
319 3381 420 3442 neque
445 3359 587 3422 enimin
611 3360 745 3422 eundem
769 3360 878 3422 orbem
897 3380 996 3443 usque
1014 3359 1053 3421 ad
1069 3359 1165 3421 satie·

97 3488 200 3550 tutem
225 3469 417 3568 torquemur,
441 3485 496 3547 sed
512 3487 548 3546 ut
563 3487 659 3566 poeta
675 3485 833 3547 interdum
850 3505 888 3546 ea
904 3484 994 3548 nobis
1010 3484 1165 3560 ostendat,

97 3631 174 3694 quoe
194 3595 372 3692 'extemplo
410 3630 629 3693 agnoscamus
668 3612 776 3672 tumen
815 3629 927 3673 cavere
962 3609 1060 3691 probe
1095 3607 1165 3687 scit,

98 3757 141 3798 ne
169 3735 269 3798 'nimis
304 3729 437 3798 molesto
470 3734 512 3797 sit
547 3755 584 3796 eu
618 3733 784 3816 repetiti0;
820 3734 905 3817 quod
928 3755 1004 3796 sane
1028 3733 1166 3797 cuiusvis

97 3880 164 3923 non
188 3861 244 3922 est.
303 3835 304 3840 ἵ
349 3853 351 3858 ’

207 3981 282 4046 Non
316 3983 432 4045 mirum
467 3986 515 4046 est
550 3982 751 4061 Iuvenalem·
779 3984 833 4068 qui
857 3983 980 4048 scholas
1004 3981 1165 4046 rhetorum

100 4108 157 4172 diu
179 4107 413 4190 frequentasset
438 4143 479 4152 —-
504 4108 543 4170 ad
568 4109 705 4172 mediam
728 4109 795 4172 fere
820 4113 948 4172 aetatem
972 4130 1043 4171 eum
1061 4107 1166 4171 decla-
