2930 4836
670 439 864 502 -148-

238 617 351 681 melius
389 605 624 703 cognoscamus,
660 618 792 680 satiram
826 619 921 700 paulo
955 618 1141 702 diligentius
1176 620 1301 682 exami-

238 765 359 806 nemus.

344 867 519 932 Exordium
554 869 657 932 simile
689 870 718 932 ei
754 891 832 947 esse,
868 870 951 952 quod
985 869 1018 932 in
1052 870 1151 932 satira
1183 871 1298 953 quinta

238 993 361 1057 decima
385 998 443 1068 est,
467 1015 563 1077 supra
586 995 788 1058 ostendimus.
836 993 897 1058 Sed
920 995 1005 1058 haud
1028 995 1093 1058 scio
1117 1019 1159 1058 an
1181 997 1298 1060 lacuna
1387 1027 1389 1032 ·

237 1119 301 1182 iam
317 1123 390 1202 post
404 1143 434 1183 v.
452 1121 471 1182 2
489 1140 560 1182 cum
575 1117 688 1183 Iahnio
703 1118 939 1203 Weidneroque
955 1121 1124 1184 statuenda
1139 1121 1190 1200 sit,
1207 1125 1294 1185 recte

238 1244 322 1308 enim
346 1243 398 1307 hio
421 1249 537 1323 monet,
554 1267 615 1308 non
631 1246 725 1308 nimis
741 1245 868 1308 felicem
885 1246 1032 1309 militiam
1048 1267 1126 1324 esse,
1145 1246 1172 1309 si
1187 1248 1299 1330 pavidi

236 1370 355 1433 tirones
389 1370 451 1434 nisi
485 1371 623 1434 secundo
657 1371 759 1433 sidere
789 1376 892 1433 castra
915 1369 1034 1434 intrare
1062 1392 1124 1435 non
1148 1373 1296 1436 audeant.

238 1495 467 1579 Bergmueller,
492 1496 573 1559 nihil
596 1495 749 1559 excidisse
773 1500 898 1578 putanS,
922 1496 1112 1578 particulam
1134 1517 1209 1559 nam
1224 1519 1296 1560 eum

137 1639 141 1644 '
236 1642 313 1684 uoce
337 1643 445 1684 versus
469 1621 574 1704 primi,
600 1643 669 1704 quae
694 1625 742 1684 est
765 1621 867 1684 felicis
891 1621 1056 1706 coniungit
1073 1621 1107 1703 ¹),
1131 1625 1296 1705 tamquam

237 1745 263 1808 si
298 1745 437 1808 interae
461 1748 662 1830 opponentne
684 1746 761 1809 felix
785 1745 899 1808 militia
923 1749 955 1808 et
978 1746 1100 1824 infelix,
1125 1749 1208 1829 quod
1231 1769 1296 1810 non

236 1870 352 1953 placet,
388 1893 460 1933 eum
493 1891 556 1933 non
582 1871 671 1934 varia
695 1893 813 1955 genera
837 1871 959 1934 nrilitiae
984 1875 1216 1954 comparentur,
1240 1873 1298 1936 sed

237 1995 362 2059 omnino
396 1995 513 2058 milites
549 2018 620 2059 cum
653 1997 780 2080 togatis,
804 2018 901 2078 quare
925 1996 1053 2059 maioris
1077 1998 1224 2079 ponderis
1249 2003 1298 2062 est

236 2122 379 2199 verbum,
404 2121 485 2203 quod
510 2125 558 2183 est
582 2121 713 2199 militiae,
739 2144 832 2205 quam
857 2123 989 2185 verbnm
1013 2121 1093 2185 illud
1117 2122 1228 2187 felicis.

344 2244 392 2307 De
416 2244 561 2308 secundis
585 2245 741 2310 sideribus
765 2247 886 2328 fatique
910 2247 1053 2329 potentia
1076 2248 1187 2310 eodem
1203 2250 1297 2312 niodo

140 2384 144 2397 “
236 2370 289 2433 hic
313 2370 452 2452 loquitur
475 2375 580 2452 poeta,
605 2393 665 2453 quo
688 2368 762 2434 Vll.
789 2372 862 2450 194,
887 2369 942 2436 IX.
968 2374 1020 2436 32.
1061 2372 1296 2451 Circuitionem,

237 2517 307 2578 quae
336 2518 365 2558 v.
391 2495 410 2557 6
435 2495 614 2574 adhibetur,
639 2518 790 2580 magnam
814 2517 883 2559 cum
909 2497 979 2559 aliis
1004 2499 1088 2579 apud
1112 2494 1295 2562 Iuvenalem

238 2620 377 2682 eiusdem
403 2621 449 2682 rei
473 2621 626 2702 exemplis
650 2621 890 2685 similitudinem
914 2622 1042 2701 habere,
1068 2623 1163 2686 etiarn
1180 2624 1202 2686 ii
1220 2647 1297 2688 con·

238 2745 364 2824 cedunt,
400 2745 454 2828 qui
490 2767 561 2808 cum
593 2745 779 2810 Heinriehio
802 2746 884 2810 hanc
908 2747 1039 2811 satiram
1063 2749 1204 2832 spuriam
1228 2772 1296 2814 esse

237 2872 361 2952 putant.

344 2994 522 3078 Propositio
546 3018 593 3074 ea,
618 3019 688 3078 quae
713 2999 761 3059 est
783 3020 812 3059 v.
839 2997 868 3076 7,
889 2997 1054 3061 invenusta
1073 3023 1091 3062 a
1107 2971 1297 3084 Bergmuel·

216 3130 218 3145 ¹
237 3119 304 3183 lero
329 3120 509 3204 appellatur
525 3124 619 3204 atque
637 3121 857 3185 declamatoris
875 3123 1006 3188 alicuius
1023 3125 1160 3209 effigiem
1176 3125 1297 3189 referre

239 3245 406 3327 dicitur2).
453 3246 540 3326 Esto,
576 3247 631 3310 sed
665 3269 727 3310 non
757 3247 817 3311 hoc
841 3229 965 3310 tanturn
988 3249 1058 3313 loco
1082 3250 1160 3313 illud
1184 3250 1298 3314 vitium

239 3394 257 3433 a
280 3367 430 3434 iuvenale
455 3373 654 3435 commissum
680 3377 737 3438 est.
777 3372 895 3437 Similis
918 3374 985 3438 fere
1009 3396 1117 3439 versus
1138 3376 1178 3438 ad
1194 3379 1298 3438 trans-

238 3495 368 3558 itionem
391 3498 564 3578 parandam
588 3496 628 3561 V.
659 3499 698 3561 12
723 3502 902 3582 usurpatur.
942 3499 1030 3575 Quod
1053 3523 1082 3563 v.
1107 3501 1147 3564 lo
1166 3501 1203 3564 de
1221 3501 1297 3564 den-

148 3610 151 3617 ’
237 3620 323 3684 tibus
359 3622 497 3684 excussis
533 3627 796 3708 commemoratur
819 3647 881 3689 non
904 3626 1038 3689 multum
1063 3626 1102 3689 ab
1127 3647 1163 3689 eo
1189 3627 1297 3705 distat,

238 3746 321 3827 quod
356 3745 394 3808 de
431 3746 540 3809 eadem
568 3771 601 3812 re
625 3749 744 3833 legitur
767 3747 827 3812 ΠΙ.
854 3753 914 3814 301
974 3750 1148 3814 Bardaicus
1173 3751 1298 3814 calceus

921 3802 927 3813 u

904 3819 914 3839 Ι

239 3873 271 3932 et
305 3872 442 3954 grandes
470 3893 550 3935 surae
576 3879 637 3949 (vv.
664 3876 806 3956 13-14)
831 3879 904 3958 apte
928 3877 1129 3954 induc-untur,
1154 3878 1190 3939 ut
1212 3875 1298 3938 infra

347 4047 366 4113 ¹)
387 4051 567 4104 Baaeutnnnx
586 4051 603 4103 l.
623 4051 642 4104 l.
661 4071 688 4120 p.
709 4053 750 4105 63.

347 4135 366 4206 ⁹)
386 4139 427 4192 lb.
447 4157 473 4209 p.
495 4141 518 4194 7.
