2916 4834
702 398 876 462 „24-

259 579 320 643 cile
345 581 393 642 est
416 578 524 643 videre
559 598 716 660 pauperes
739 576 821 640 solos
845 576 971 659 respici.
1017 573 1093 640 Non
1117 577 1204 640 enim
1226 581 1328 662 negat

259 703 329 768 haec
354 702 461 768 omnia
485 703 582 766 etiam
603 702 754 771 divitibus
772 701 915 766 accidere
930 724 1034 785 posse,
1051 703 1107 766 sed
1122 705 1191 766 turn
1207 705 1325 766 sortem

260 850 369 892 eorum
386 850 457 891 cum
474 831 557 892 sorte
573 849 750 910 pauperum
766 801 828 891 non
844 848 912 890 esse
925 826 1171 910 comparandam
1183 828 1275 892 docet
1288 826 1323 910 ¹).

258 951 374 1036 Neque
408 952 513 1016 minus
548 956 652 1036 poeta,
685 953 802 1016 ubido
827 951 979 1016 Graeculis
1002 951 1144 1016 molestis
1169 953 1325 1035 queritur,

260 1077 330 1142 haec
366 1077 471 1142 omnia
495 1078 535 1141 ad
558 1081 675 1141 sortem
698 1097 876 1160 pauperum
899 1075 1008 1143 refert.
1054 1075 1138 1152 Quos
1163 1076 1325 1143 Graeculos

259 1224 325 1266 non
347 1202 430 1266 solos
454 1202 488 1266 in
510 1203 588 1266 urbe
613 1201 658 1264 ait
680 1223 826 1286 regnare,
850 1202 905 1266 sed
929 1203 1146 1267 tantummodo
1170 1202 1216 1286 ita
1240 1224 1273 1266 se
1291 1203 1328 1266 in

261 1326 514 1392 familiaritatem
541 1327 675 1392 divitum
696 1325 912 1390 Romanorum
927 1327 1097 1405 insinuare,
1114 1330 1150 1389 ut
1165 1348 1326 1410 pauperes

261 1452 392 1516 clientes
423 1451 640 1515 excludantur.
687 1449 775 1526 Quod
811 1473 848 1516 eo
881 1451 995 1515 melius
1030 1454 1173 1535 apparet,
1209 1452 1236 1514 si
1271 1473 1327 1515 eas

262 1580 356 1654 artes,
381 1598 459 1660 quas
490 1577 690 1660 profitentur,
727 1598 917 1661 cognoscere
940 1575 1095 1654 volumus,
1120 1598 1190 1659 quae
1216 1597 1324 1640 omnes

250 1701 329 1766 'fere
353 1701 578 1766 sordidissima
602 1704 685 1764 sunt.

369 1822 407 1890 In
440 1826 551 1910 primis
585 1829 693 1890 tamen
727 1825 960 1910 quinquaginta
982 1826 1126 1890 versibus
1149 1830 1244 1908 poeta
1266 1825 1326 1889 ho·

262 1951 364 2016 mines
399 1949 557 2029 honestos,
587 1951 653 2014 sive
677 1959 834 2035 pauperes
857 1950 923 2013 sive
948 1950 1061 2014 divites
1085 1952 1168 2027 sunt,
1193 1949 1327 2033 opponit

262 2075 448 2141 inhonestis.
472 2073 585 2158 Neque
602 2075 687 2138 enim
702 2075 929 2159 intellegimus,
942 2096 999 2138 cnr
1014 2075 1048 2137 in
1063 2097 1193 2138 numero
1206 2095 1324 2153 eorum,

263 2201 318 2285 qni
341 2199 469 2264 mentiri
492 2201 636 2263 nesciant
651 2200 710 2263 'vel
733 2200 861 2284 nigrum
876 2200 911 2263 in
927 2199 1060 2264 candida
1075 2202 1199 2263 vertere
1212 2198 1325 2278 nolint,

262 2348 325 2390 non
361 2324 474 2388 divites
502 2346 625 2408 quoque
650 2346 718 2390 esse
741 2325 874 2408 possint.
918 2322 993 2388 Non
1016 2345 1142 2406 semper
1165 2321 1327 2386 Iuvenalis

263 2449 410 2532 exempla
433 2453 554 2513 tantum
579 2448 818 2512 inhonestorum
845 2449 979 2513 divitum
1008 2448 1139 2531 profert,
1163 2448 1327 2511 interdum

264 2575 360 2639 etiam
394 2575 548 2638 bonorum
582 2573 631 2656 (ut
659 2574 775 2638 insat.
799 2571 855 2637 IV.
878 2573 1041 2658 Pegasum
1063 2576 1095 2636 et
1117 2571 1267 2652 Acilium,
1291 2572 1328 2636 in

265 2704 324 2766 sat.
348 2698 422 2765 VII.
447 2700 612 2764 Lucanum
635 2701 668 2761 et
683 2696 915 2773 Quintilianum
930 2697 1095 2780 nominat).
1130 2696 1211 2761 Haec
1226 2698 1330 2782 igitur

264 2826 463 2892 incommoda
496 2825 583 2889 urbis
618 2823 739 2888 civibus
774 2822 923 2887 divitibus
958 2843 1047 2906 aeque
1072 2843 1108 2885 ac
1131 2822 1327 2905 pauperibus

265 2950 408 3015 accidere
443 2951 599 3027 dicuntur,
635 2948 803 3011 dummodo
838 2947 963 3010 honesti
993 2946 1120 3030 utrique
1144 2946 1217 3010 sint.
1239 2920 1243 2926 ι
1263 2944 1328 3010 Sed

266 3075 379 3139 divitas
402 3074 471 3138 haec
495 3075 605 3138 eadem
628 3072 825 3137 incommoda
847 3072 960 3135 melius
984 3071 1067 3135 ferre
1089 3071 1236 3149 ostendit,
1253 3069 1325 3153 qni·

265 3201 324 3264 bus
358 3199 454 3263 liceat
483 3199 560 3263 tntis
593 3198 625 3262 in
649 3197 751 3262 hortis
774 3197 958 3260 marmoreis
981 3196 1085 3260 iacere
1110 3198 1205 3278 atque
1227 3195 1328 3258 hone-

266 3328 388 3388 starum
411 3323 526 3388 artium
549 3321 660 3386 studiis
684 3322 833 3385 miseram
855 3321 930 3386 vitae
953 3320 1091 3404 publicae
1109 3320 1325 3384 condicionem

266 3469 486 3532 compensare3
511 3450 544 3510 at
566 3469 733 3532 pauperae,
750 3466 822 3510 cum
837 3467 899 3508 non
915 3446 1007 3510 modo
1024 3467 1064 3508 ex
1079 3444 1198 3509 invidia
1214 3465 1325 3507 verum

267 3573 363 3637 etiam
388 3595 427 3636 ex
449 3572 583 3655 penuria
603 3572 761 3649 laborent,
785 3569 926 3654 migrare
950 3570 1022 3654 cogi
1046 3569 1133 3633 dicit.

373 3694 425 3760 Ad
449 3718 614 3774 summam,
642 3695 701 3759 hoc
725 3695 786 3760 sibi
809 3695 843 3758 in
865 3693 926 3757 hac
949 3695 1048 3758 satira
1071 3690 1230 3757 Iuvenalis
1252 3712 1327 3774 pro·

267 3820 382 3905 posuit,
418 3823 453 3884 ut
486 3820 520 3884 in
553 3819 659 3903 priore
693 3822 785 3903 parte
808 3819 958 3883 miseram
981 3818 1185 3883 honestorum
1209 3815 1327 3880 civium

377 3995 397 4064 ¹)
418 3997 465 4051 Otr
483 4013 516 4051 ea
534 4013 595 4064 quac
614 3994 684 4050 dicit
702 3995 736 4050 de
754 3995 890 4051 incendiis
909 3994 1052 4049 domorum
1071 3992 1198 4057 divitum,
1209 3992 1243 4046 de
1256 3989 1327 4045 tutis

248 4104 362 4152 ⁴eorum
381 4085 497 4151 lecticis,
517 4086 551 4140 de
569 4101 674 4155 magna
692 4084 827 4140 comitum
844 4083 1034 4139 multitudine.
