2916 4834
557 413 806 512 „49...'

83 701 85 708 Ι
142 638 145 644 “
218 625 262 689 Et
296 626 447 710 quoniam
481 623 665 690 Iuvenalem
694 647 724 714 r.
751 625 791 689 78
815 625 877 690 sibi
899 625 1062 689 vindicare
1084 647 1176 708 posse

104 754 257 835 apparet,
280 751 410 815 vilicum
434 751 577 815 attonilae
601 751 689 815 urbis
712 749 930 833 relinquimus,
940 754 982 814 ut
998 750 1038 813 ad
1055 753 1176 814 ceteros

103 876 230 940 amicos
266 876 443 940 Domitiani
477 876 650 940 veniamus.
698 874 777 939 Cum
810 897 886 939 vero
919 878 1013 958 poeta
1036 875 1176 960 singulos
1307 947 1309 960 Ι

109 1001 254 1064 breviter
289 1001 448 1065 describat
483 1004 578 1084 atque
613 1000 816 1064 transitiones
839 999 993 1084 legitimae
1017 1000 1090 1080 sint,
1113 1022 1177 1064 non

103 1126 167 1189 diu
190 1125 237 1189 ibi
260 1125 470 1189 manebimus,

219 1249 260 1314 V.
286 1251 327 1313 98
351 1271 523 1344 serramus
548 1251 692 1334 quamvis
716 1270 968 1333 supervacaneus
993 1249 1063 1313 aliis
1086 1250 1176 1313 ride-

108 1378 193 1438 atur.
240 1373 324 1439 Satis
348 1375 428 1438 bene
452 1375 536 1438 inter
558 1397 592 1438 se
622 1354 824 1458 opponuntur
846 1374 962 1438 nobilis
985 1373 1040 1440 ille
1063 1375 1175 1439 infelix

108 1502 143 1563 et
166 1499 355 1563 fraterculus
379 1498 530 1584 gigantis,
573 1497 672 1563 Poeta
696 1499 734 1562 de
758 1521 791 1562 se
816 1499 926 1564 eodem
947 1500 1039 1563 modo
1055 1500 1175 1563 iudicat

106 1620 169 1690 VI.
196 1625 269 1689 166.

829 1791 908 1848 malo
957 1797 971 1858 l

322 1898 401 1955 malo
424 1896 607 1955 Venusinam
630 1915 721 1971 quam
743 1899 783 1966 16,
808 1894 953 1955 Cornelia.

217 2051 258 2116 A.
282 2075 313 2116 v.
338 2020 401 2114 110
426 2051 496 2133 ipsa
520 2050 707 2115 deliberatio
730 2049 858 2134 aspa:
883 2051 979 2114 anser
1003 2052 1043 2114 ar
1066 2051 1174 2115 rhom-

102 2179 184 2242 bum
220 2176 468 2240 collustrandum
491 2178 667 2240 transeunt.
712 2173 758 2239 Ut
785 2175 822 2238 fit
844 2175 879 2238 in
902 2175 1048 2260 dialogis,
1072 2173 1171 2240 00110-Ι

104 2303 243 2386 quantes
278 2322 342 2364 non
365 2321 490 2382 semper
512 2299 727 2378 nominantur,
751 2301 834 2363 unde
858 2299 1016 2363 interdum
1041 2300 1173 2365 dubium

104 2425 246 2504 videtur,
271 2424 342 2508 quis
366 2425 468 2503 sitis,
493 2425 547 2508 qui
570 2423 728 2507 loquatur.
766 2422 807 2488 V.
833 2425 895 2488 130
912 2423 1097 2489 Domitiano
1113 2425 1172 2489 tri-

103 2550 245 2628 buimus
269 2572 462 2633 quamquam
485 2548 540 2612 alii
563 2549 667 2614 aliter.

216 2675 428 2758 Exspectares
444 2677 516 2756 post
531 2696 560 2738 v.
579 2675 641 2737 136
658 2673 839 2737 missionem
856 2673 989 2752 consilii,
1007 2674 1062 2736 sed
1078 2678 1173 2756 poeta

99 2799 199 2865 addit
233 2779 354 2882 aliquot
385 2820 504 2876 versus
537 2798 652 2881 quibus
676 2797 864 2861 Montanum
887 2799 921 2860 in
943 2797 1013 2861 luce
1037 2798 1171 2861 clariore

103 2923 262 2990 collocare
296 2924 374 2987 vult.
422 2921 698 3006 Supervacaneum
732 2921 792 2986 hoc
826 2922 929 2985 videri
957 2925 1073 3005 potest,
1098 2945 1172 2986 narn

100 3051 131 3114 si
160 3070 233 3112 eum
268 3048 376 3112 eodem
400 3049 493 3111 modo
517 3068 579 3148 quo
604 3051 724 3110 ceteros
747 3047 896 3110 inducere
920 3047 1080 3124 voluisset,
1105 3069 1173 3112 om-

12 3207 17 3216 ·
101 3174 163 3239 nia
196 3172 253 3236 illa
281 3171 319 3236 de
343 3194 401 3235 usu
425 3172 491 3238 eius
517 3171 629 3235 edendi
653 3175 713 3235 061.
736 3173 808 3254 post
831 3193 861 3234 v.
887 3172 948 3234 107
973 3193 1090 3254 ponere
1116 3172 1171 3235 de-

102 3299 189 3377 buit,
225 3301 395 3380 antequam
429 3297 469 3360 ad
500 3297 603 3379 ipsam
627 3295 889 3359 deliberationem
911 3295 1044 3359 veniret.
1090 3294 1173 3359 Tum

101 3448 134 3489 v.
176 3423 238 3486 136
273 3421 396 3484 nullum
430 3383 697 3504 complementum
732 3419 952 3500 desiderasset.
1008 3417 1054 3484 Ut
1087 3441 1171 3483 nunc

104 3552 168 3626 est,
193 3546 276 3610 hanc
299 3567 448 3610 versuum
472 3543 713 3609 collocationem
736 3567 754 3608 a
777 3543 870 3608 solito
892 3565 978 3608 more
996 3545 1099 3627 poetae
1112 3543 1172 3608 ali-

100 3674 264 3756 quantum
288 3671 414 3734 differre
439 3671 634 3734 confitemur.

533 3937 746 3946 ——-....—-—..
