2930 4836
222 711 231 736 Ν

709 497 749 504 -
775 462 838 524 144
863 498 903 504 --

275 639 381 718 audet,
406 639 460 702 sed
483 639 632 721 opinatur
656 635 839 702 iuvenalem
863 661 882 701 a
905 638 1090 702 Domitiano
1113 639 1240 722 pulsnm
1258 661 1339 704 esse.

274 755 389 845 Neque
424 763 540 826 mirum
568 783 646 841 esse,
671 763 698 825 si
721 766 817 845 poeta
840 763 873 824 in
897 763 1002 826 satiris
1026 785 1096 826 eam
1120 784 1187 826 rem
1211 763 1340 828 silentio

275 887 476 970 praeterierit
513 909 584 951 eum
620 909 712 951 nemo
746 889 931 952 memoriam
964 888 1205 951 iniucundamm
1229 909 1339 950 rerum

274 1034 428 1076 renovare
454 1015 538 1075 amet
557 1013 591 1095 ¹),

382 1135 414 1200 Si
451 1135 609 1201 luvenalis
644 1134 805 1222 relegatus
828 1109 892 1216 ¹est,
917 1160 974 1201 nec
999 1139 1153 1221 estquod
1178 1138 1216 1200 de
1241 1159 1279 1200 ea
1303 1159 1338 1200 re

273 1261 467 1336 dubitemne,
501 1262 570 1326 veri
605 1262 708 1325 simile
744 1266 793 1326 est
827 1285 900 1325 eum
926 1264 967 1326 ab
992 1261 1155 1326 Hadriano
1179 1285 1218 1326 ex
1242 1259 1339 1326 Italia

273 1381 400 1468 prilsnm
425 1391 505 1451 esseg
551 1387 752 1470 Differentia,
776 1409 846 1470 qnae
872 1391 920 1450 est
943 1389 1026 1452 inter
1042 1388 1164 1471 priores
1181 1392 1213 1451 et
1228 1393 1339 1471 poste-

276 1511 375 1574 riores
411 1512 534 1590 satires
559 1512 605 1576 ita
629 1512 782 1594 explicari
805 1515 920 1594 potest,
945 1513 1043 1576 utad
1066 1511 1124 1576 has
1145 1533 1338 1594 componen-

274 1636 331 1698 das
355 1633 548 1714 Iuvenalem,
573 1658 644 1700 cum
667 1638 731 1700 iam
755 1659 852 1700 senex
876 1641 969 1716 esset,
993 1637 1162 1700 accessisse
1183 1638 1336 1714 dicamus,

273 1760 330 1823 sed
364 1760 434 1824 fieri
469 1761 565 1823 etiam
593 1764 709 1843 potest,
733 1766 852 1825 utnon
878 1762 969 1824 modo
993 1761 1080 1824 senio
1103 1783 1215 1824 verum
1238 1761 1336 1824 etiam

272 1886 357 1948 euris
389 1889 421 1949 et
444 1907 575 1950 maerore
601 1885 763 1950 confectus
787 1887 955 1970 pristinam
978 1886 1066 1950 illam
1091 1887 1188 1950 animi
1212 1887 1335 1950 acerbi-

273 2013 375 2073 tatem
399 2011 616 2094 fervidamqne
640 2011 893 2095 indignationem
914 2011 1120 2096 mitigaverit.
1160 2008 1233 2074 Non
1249 2012 1335 2074 omni

272 2135 500 2217 probabilitate
535 2137 568 2199 id
603 2139 700 2213 earet,
735 2137 818 2219 quod
853 2135 993 2199 Palnrius
1028 2137 1216 2219 suspicatur,
1242 2132 1335 2199 Iuve-

272 2260 377 2322 nalem
412 2261 506 2323 tertio
541 2261 623 2325 libro
654 2261 749 2339 edite,
772 2261 957 2345 priusquam
981 2261 1224 2344 querti·satiras
1248 2281 1333 2324 oom-

271 2389 415 2467 poneret,
440 2385 473 2447 in
498 2385 644 2449 exsilium
668 2387 798 2449 missum
818 2409 891 2450 esse
909 2386 945 2468 ²).

383 2613 610 2680 ¹)Fa1rnnlsnsn
638 2616 666 2670 in
693 2633 795 2672 reeens.
824 2617 844 2670 Ι.
873 2616 1004 2671 Vahlenii
1031 2616 1130 2678 libelli,
1159 2615 1277 2670 Juvenal
1306 2633 1332 2670 u.

271 2703 359 2756 naris.
381 2705 705 2768 laurasamensis.
727 2705 814 2772 issi).
1254 2689 1257 2700 '

383 2790 402 2860 ²)
423 2794 497 2846 ΡΜ
517 2795 535 2847 1.
555 2794 574 2847 1.
594 2813 620 2864 p.
642 2796 681 2847 15.
