2930 4836
587 426 783 488 -117—

261 602 375 687 Pergit
408 606 503 686 poeta
538 603 683 686 pluribus
719 602 873 684 exemplis
908 603 1099 668 sententiam
1126 626 1216 668 suam

152 728 350 792 confirmare.
397 727 554 810 Exempla
577 728 740 791 hominum
766 728 1013 806 attulit,'attulit
1029 729 1214 794 animalium

152 876 289 937 quoque,
312 854 377 916 iam
401 853 441 916 ad
457 852 599 917 homines
616 853 699 916 redit
715 853 778 935 (vv.
797 853 974 935 86-106).
1010 854 1058 918 Ac
1075 855 1216 937 primum

64 1013 73 1028 =
152 980 282 1062 quidem
317 978 483 1042 Cretonius
517 978 572 1041 ille
607 979 777 1057 inducitur,
813 979 868 1061 qui
893 979 1068 1043 aedificator
1091 983 1159 1042 erat
1184 984 1216 1043 et

152 1103 246 1192 villas
269 1103 540 1186 splendidissimas
564 1103 681 1194 ubique
706 1104 768 1167 sibi
792 1107 954 1167 exstruere
970 1105 1101 1168 solebat.
1138 1103 1215 1179 Qui-

154 1229 213 1292 bus
230 1229 409 1310 sumptibus
425 1228 600 1292 immodicis
617 1250 684 1292 rem
699 1228 870 1305 imminuit,
882 1233 990 1292 tamen
1005 1228 1217 1293 hereditatem

155 1354 324 1417 admodum
359 1375 509 1437 magnam
533 1353 599 1416 filio
623 1353 761 1436 reliquit,
786 1375 882 1436 quam
905 1357 1004 1418 totam
1028 1353 1082 1417 ille
1106 1353 1218 1418 eadem

153 1479 282 1542 luxuria
307 1478 474 1561 dissipavit
497 1476 560 1558 (vv.
586 1477 739 1558 86-95).
779 1477 904 1542 Deinde
928 1482 1022 1561 poeta
1046 1475 1168 1542 Iudaeos
1184 1479 1218 1540 iu

160 1625 298 1667 serenam
321 1603 452 1680 inducit,
476 1606 512 1665 ut
535 1603 691 1680 ostendat,
708 1624 804 1685 quam
819 1604 947 1666 firmum
962 1603 1041 1688 illud
1056 1603 1217 1667 vinculum

154 1728 206 1806 sit,
241 1727 325 1811 qubd
349 1727 431 1791 filios
456 1749 526 1791 cum
550 1728 695 1810 patribus
719 1727 904 1809 coniungat:
941 1727 1023 1791 filios
1048 1727 1133 1790 enim
1155 1747 1217 1790 non

154 1853 246 1915 modo
270 1852 415 1930 virtutes
439 1873 550 1915 verum
571 1853 667 1914 etiam
684 1873 805 1915 errores
822 1856 988 1934 parentum
1006 1874 1129 1914 summa
1144 1871 1217 1934 per-

154 1977 273 2039 tinacia
296 1977 417 2039 imitari
440 1975 503 2057 (vv.
529 1975 705 2056 96-106).

262 2101 341 2164 Haec
376 2101 463 2184 prior
497 2123 571 2183 pars
596 2105 666 2163 erut
688 2101 805 2179 satirae,
830 2123 868 2164 ea
891 2101 969 2164 vitia
993 2100 1215 2183 complectens,

155 2248 226 2310 quae
262 2225 378 2290 liberos
413 2229 525 2308 sponte
559 2226 679 2290 imitari
708 2226 786 2290 dicit
808 2229 915 2309 poeta3
951 2226 1016 2289 iam
1038 2225 1153 2288 transit
1177 2225 1217 2287 ad

155 2351 334 2429 avaritiam,
370 2351 452 2433 quod
486 2351 600 2415 vitium
635 2373 671 2414 eo
706 2374 724 2414 a
753 2351 867 2415 ceteris
891 2351 1018 2414 differre
1044 2349 1215 2428 contendit,

156 2476 240 2558 quod
274 2476 343 2553 filii,
379 2475 475 2538 etiam
511 2476 537 2538 si
573 2475 697 2538 animus
733 2476 772 2538 ad
797 2475 965 2538 avaritiam
987 2496 1051 2539 uon
1075 2473 1216 2550 inclinet,
1242 2523 1251 2569 ,

154 2606 263 2664 tamen
298 2623 368 2664 eam
403 2621 550 2663 exercere
578 2600 758 2675 iubeantur,
784 2621 855 2663 eum
877 2602 1027 2682 parentes
1050 2598 1217 2662 honestam

155 2726 262 2807 potius
293 2747 389 2808 quam
412 2723 613 2788 inhonestam
638 2746 707 2788 eam
732 2745 799 2788 esse
824 2725 1028 2788 arbitrentur.
1075 2722 1217 2787 Primum

157 2849 242 2912 euim
275 2849 335 2913 hoc
369 2849 482 2912 vitium
518 2871 571 2913 eos
606 2849 689 2912 fallit
712 2850 818 2932 specie
842 2851 980 2932 quedam
1001 2849 1129 2912 virtutis
1153 2847 1217 2930 (vv.

158 2974 359 3055 107—114),
385 2974 498 3037 deiude
523 2973 615 3037 homo
631 2996 744 3037 avarus
762 2997 780 3036 a
796 2975 928 3052 civibus,
945 2977 1108 3056 tamquam
1125 2995 1218 3056 egre-

159 3099 232 3182 gius
256 3074 444 3181 adquirendi
468 3098 595 3177 aaron
624 3099 703 3162 eene
728 3099 816 3162 aura
839 3097 902 3177 (vv.
929 3099 1126 3177 ris-118),
1150 3100 1219 3160 tum

156 3225 250 3306 pater
285 3224 395 3314 eodem
431 3245 537 3287 errore
572 3223 733 3305 deceptus
769 3223 823 3306 qui
860 3223 947 3286 avari
982 3222 1055 3298 sint,
1091 3221 1219 3284 eosdem

156 3348 267 3412 felices
302 3369 427 3432 quoque
463 3369 530 3410 esse
562 3351 654 3430 putat
678 3351 710 3410 et
733 3348 867 3410 iuvenes
886 3346 1041 3422 hortatur,
1065 3349 1101 3409 ut
1124 3346 1219 3409 istam

156 3474 243 3537 viam
277 3476 386 3536 tenere
423 3476 560 3557 pergant
595 3472 658 3553 (vi.
696 3473 894 3546 lle—122).
940 3470 1042 3546 Quam
1076 3473 1116 3535 ob
1151 3493 1219 3534 rem

158 3620 210 3662 eos
233 3597 293 3662 hoc
316 3598 405 3675 vitio,
430 3619 492 3680 quo
514 3597 582 3679 ipse
605 3591 741 3676 laboret,
767 3597 873 3660 dedita
896 3617 993 3679 opera
1016 3596 1131 3660 imbuit
1155 3593 1167 3678 (
1211 3647 1218 3660 .

159 3723 358 3803 123-134t

232 3916 234 3920 ,
265 3845 341 3922 Quae
377 3847 483 3910 omnia
517 3849 552 3910 ut
586 3867 668 3912 vana
692 3850 724 3910 et
747 3845 829 3908 falsa
852 3867 921 3908 esse
945 3845 1092 3908 ostendat
1115 3848 1218 3928 poeta,

156 3971 374 4036 insatiabilem
398 3993 465 4034 esse
491 3970 699 4052 cupiditatem
724 3970 907 4035 divitiarum
926 3971 1121 4034 demonstrat
1137 3991 1219 4032 sem-

156 4117 278 4180 perque
301 4095 373 4179 plus
397 4097 558 4179 appetere,
583 4096 638 4179 qui
653 4095 788 4160 multum
804 4096 923 4159 habeat
938 4094 1000 4176 (vv.
1021 4092 1218 4174 lat-444),
