2930 4836
715 445 910 508 -122-

285 623 432 687 transitio
455 624 493 686 ad
518 645 547 686 v.
573 623 614 687 73
638 573 917 704 quamadv.15?
940 621 1004 686 Vix
1021 622 1220 686 crediderim.
1254 621 1340 686 Enu-

182 769 185 774 ·
282 737 416 810 meratio
448 746 663 829 exemplorum
688 769 739 810 vv.
765 747 871 809 1-14
896 747 1097 810 continuatur
1120 767 1170 810 vv.
1198 748 1237 810 15
1261 768 1338 830 sqq.‚

180 849 182 860 Ι
284 872 339 935 ubi
364 872 524 935 crudelem
547 874 671 954 patrem
696 874 728 934 et
749 870 953 934 libidinosam
976 873 1111 934 matrem
1134 875 1206 954 post
1223 871 1340 934 aleato-

286 1018 352 1058 rem
389 994 431 1076 (v.
456 997 490 1077 4)
527 999 558 1058 et
590 1017 766 1079 ganeonem
790 995 831 1077 (v.
859 994 913 1074 10)
936 995 1127 1072 invenimus,
1152 1019 1190 1060 ea
1214 1018 1340 1059 enume-

283 1119 365 1184 ratio
401 1120 595 1202 interpositis
630 1143 679 1184 vv.
717 1121 845 1184 73—85
877 1120 1086 1202 abrumpitur.
1134 1118 1195 1194 Qui
1225 1143 1275 1186 vv.
1300 1121 1341 1185 73

283 1267 351 1328 sqq.
388 1250 542 1326 praeterea
577 1266 647 1307 cum
682 1245 722 1308 iis
757 1245 837 1308 bene
861 1244 1045 1330 iunguntur,
1070 1245 1124 1326 qui
1148 1247 1341 1328 praecedunt,

204 1394 209 1411 r
283 1370 316 1432 in
352 1370 465 1451 quibus
500 1372 595 1452 poeta
631 1368 717 1447 dicit,
753 1371 881 1453 gratum
916 1391 994 1445 esse,
1019 1369 1103 1452 quod
1126 1372 1219 1452 pater
1242 1371 1342 1434 civem

284 1493 396 1576 patriae
433 1494 565 1571 dederit,
600 1493 701 1576 pluris
736 1497 842 1556 autem
877 1494 1006 1572 referre,
1043 1499 1149 1556 utrum
1179 1495 1278 1558 bonus
1302 1517 1342 1557 an

285 1618 386 1681 malus
409 1619 463 1681 ille
488 1618 565 1681 civis
589 1619 646 1680 sit:

305 1795 465 1869 plurimum
491 1793 566 1851 enim
590 1793 734 1861 intererit,
760 1793 867 1867 quibus
892 1792 1006 1851 artibus
1030 1797 1059 1850 et
1084 1793 1192 1867 quibus
1211 1795 1288 1851 hunc
1308 1797 1341 1850 tu

306 1901 438 1958 moribus
463 1900 600 1958 instituas

390 2065 443 2125 An
472 2086 522 2127 vv.
548 2065 677 2127 15-43
702 2087 720 2126 a
743 2086 792 2127 vv.
819 2063 926 2126 1-14
950 2063 1179 2146 separabimus
1205 2063 1287 2146 quod
1310 2064 1341 2125 in

285 2156 348 2252 illis
372 2193 466 2271 poeta
489 2189 528 2251 de
551 2189 747 2270 parentibus
771 2210 905 2271 quorum
929 2189 1057 2250 nomina
1076 2188 1162 2266 dicit,
1180 2189 1218 2251 de
1234 2187 1341 2251 Rutilo

285 2315 465 2398 largaque,
502 2314 652 2395 disputat,
687 2315 720 2376 in
755 2312 805 2375 his
829 2335 891 2376 non
914 2313 1011 2375 item?
1046 2313 1189 2388 Minime,
1214 2335 1287 2375 nam
1310 2313 1340 2374 in

284 2449 375 2502 sexta
399 2439 496 2502 satira
519 2437 677 2502 Iuvenalis
701 2439 747 2500 ita
770 2438 848 2522 agit,
873 2441 908 2500 ut
924 2437 1070 2520 exempla
1086 2441 1233 2501 notarum
1249 2437 1340 2500 muli-

287 2584 376 2625 erum
400 2567 432 2626 et
455 2564 636 2647 ignotarum
660 2563 836 2644 promiscue
861 2565 1001 2644 usurpet.

391 2686 453 2751 Cur
476 2690 549 2770 post
571 2710 601 2750 v.
626 2687 667 2750 43
692 2687 804 2750 melius
828 2690 999 2770 sequentur
1022 2710 1071 2750 vv.
1097 2689 1227 2751 59—72
1250 2708 1340 2770 quam

286 2835 334 2874 vv.
360 2812 512 2875 44—58?
549 2811 627 2875 Cum
650 2815 744 2894 poeta
769 2811 884 2874 dixerit
907 2834 957 2875 vv.
983 2812 1024 2876 38
1048 2834 1134 2894 sqq.:

414 2961 561 3018 abstineas
585 2960 678 3036 igitur
702 2959 875 3018 damnandis
900 2991 940 2998 -
967 2991 1007 3000 —-

639 3098 679 3104 —
706 3098 744 3104 -
771 3067 911 3141 quoniam
935 3067 1042 3124 dociles
1065 3066 1216 3138 imitandis

413 3174 552 3249 turpibus
576 3193 609 3232 ac
633 3174 732 3249 pravis
757 3192 856 3232 omnes
880 3192 981 3231 sumus

286 3332 519 3411 peropportune
543 3349 677 3420 peperere
701 3329 806 3410 potest
827 3349 878 3390 vv.
903 3327 1049 3390 44-45:

415 3477 456 3534 nil
481 3477 562 3534 dictu
585 3476 704 3534 foedum
730 3475 854 3550 visuque
877 3475 939 3533 haec
963 3475 1064 3532 limina
1088 3477 1203 3552 tangat,
1248 3503 1250 3508 ·

414 3583 492 3640 intra
517 3601 583 3657 quae
607 3585 692 3658 pater
717 3587 760 3640 est

288 3737 387 3801 mult-o
422 3736 534 3799 melius
570 3759 654 3814 sane,
690 3759 787 3820 quam
821 3737 847 3799 si
879 3759 927 3800 vv.
954 3737 1083 3801 59-72
1104 3737 1227 3826 xinserat
1250 3739 1341 3819 atque
1439 3811 1440 3816 η

285 3837 345 3940 itai
366 3861 488 3924 utiam
512 3862 656 3940 diximus,
682 3865 788 3944 aptam
813 3884 831 3923 a
854 3883 903 3925 vv,
931 3863 1058 3926 70-72
1083 3861 1122 3924 ad
1145 3882 1201 3928 vv.¹
1216 3861 1341 3926 73-—74

286 3986 503 4050 transitionem
528 3986 634 4049 laedat.
681 3986 843 4069 Deceptus
868 3989 915 4049 est
939 3986 1005 4049 sine
1030 3986 1125 4049 dubio
1148 3984 1342 4050 Ribbeokius

285 4133 334 4174 vv.
361 4111 507 4175 68-69:
