2916 4834
599 446 773 546 ..13-

259 624 417 689 Postremi
452 625 493 688 25
526 645 637 689 versus
666 623 748 688 nihil
770 623 900 704 habent,
924 607 988 710 quo
1010 626 1216 698 offendamur.

151 750 206 816 Ad
240 749 307 814 vim
342 749 492 814 orationis
524 749 704 834 augendam
732 753 827 832 poeta
849 751 953 814 forma
976 751 1095 838 dialogi
1117 753 1219 818 utitur

153 879 251 960 atque
282 876 363 940 iram
393 875 428 938 in
449 874 617 958 probrosos
640 872 784 939 homines
808 877 974 941 sententiis
998 877 1147 942 brevibus
1171 877 1219 944 ef-

154 1001 270 1068 fundit.
317 1001 368 1066 Ex
390 1021 454 1083 quo
477 1001 515 1064 fit
538 1005 574 1065 ut
596 999 799 1078 transitiones
823 1003 856 1065 et
879 1002 998 1066 crebrae
1023 1003 1087 1066 sint
1110 1007 1142 1068 et
1165 1025 1219 1068 su-

154 1128 241 1208 bitae,
265 1127 322 1191 sed
345 1115 418 1191 cum
440 1127 530 1211 leges
554 1125 705 1190 orationis
729 1129 903 1210 sequantur
918 1148 981 1191 uon
996 1149 1074 1211 opus
1092 1129 1219 1194 estsin-

153 1251 248 1338 gulas
282 1251 486 1336 perscrutari.
533 1250 582 1316 De
618 1251 767 1315 extremis
802 1251 924 1316 duobus
937 1310 941 1318 .
954 1253 1099 1318 versibus
1124 1258 1155 1319 et
1179 1256 1218 1320 de

152 1399 273 1462 magna
308 1380 340 1441 et
373 1377 537 1461 inopinata
572 1398 682 1441 eorum
714 1378 957 1444 mansuetudine
992 1399 1090 1461 supra
1119 1379 1219 1445 locuti

154 1523 273 1567 sumus.

261 1625 329 1692 Nos
351 1649 427 1692 vero
450 1630 552 1691 totam
575 1626 658 1690 hanc
682 1627 813 1690 satiram
835 1627 1038 1713 perlegentes
1054 1627 1150 1694 facile
1163 1631 1219 1694 ad-

151 1753 310 1832 ducimur,
345 1755 381 1816 ut
403 1752 520 1817 multas
544 1751 611 1815 eius
634 1756 741 1835 partes
766 1775 784 1816 a
807 1749 957 1817 Iuvenale
982 1753 1115 1818 diversis
1138 1757 1221 1820 tem-

154 1878 285 1960 poribus
309 1877 444 1961 scriptas
468 1899 535 1940 esse
560 1878 736 1956 credamus,
760 1880 871 1960 postea
893 1878 928 1940 in
950 1899 1048 1941 unum
1073 1880 1222 1944 coniunc-

152 2007 216 2082 tae,
251 2006 287 2066 ut
321 2003 412 2087 quasi
442 2002 590 2085 praefatio
620 2003 717 2067 totius
741 2003 846 2087 operis
870 2008 984 2068 essent.
1031 2002 1100 2088 Qua
1125 2005 1162 2068 de
1186 2027 1221 2070 re

153 2129 264 2192 tamen
297 2130 415 2210 praeter
445 2127 641 2192 coniecturas
668 2126 750 2191 nihil
774 2128 853 2192 certi
877 2128 1001 2206 adferre
1024 2129 1111 2195 licet.
1157 2128 1219 2196 Sed

155 2253 283 2336 copiam
305 2252 393 2316 illam
416 2253 597 2332 verborum,
622 2274 685 2335 qua
700 2236 736 2315 in
751 2253 921 2318 clientibus
938 2256 1220 2320 commemorandis
1261 2275 1263 2284 ’

155 2377 267 2457 utitur,
302 2377 439 2462 vestigia
469 2378 575 2442 satirae
607 2377 772 2442 cuiusdam
795 2378 968 2458 continere,
993 2401 1063 2462 quae
1087 2378 1221 2444 miseras

154 2502 321 2566 clientium
356 2502 556 2566 condiciones
591 2502 740 2566 universa
775 2503 1002 2567 adumbratura
1038 2507 1131 2584 esset,
1159 2526 1223 2568 non

155 2628 352 2713 negaverim.
398 2627 555 2691 Maiorem
578 2627 663 2691 enim
685 2627 792 2692 locum
814 2627 883 2691 haec
906 2629 1044 2713 vestigia
1065 2630 1221 2710 obtinent,

156 2775 254 2837 quam
288 2757 324 2818 ut
358 2775 377 2816 a
410 2757 506 2836 poeta
538 2757 658 2817 temere
685 2752 806 2816 inserta
829 2775 898 2816 esse
922 2755 1097 2817 credamus.
1144 2753 1225 2818 Cum

158 2882 267 2943 autem
298 2879 335 2942 in
366 2879 471 2961 prima
505 2877 603 2943 satira
634 2879 672 2942 de
702 2878 800 2942 variis
823 2879 919 2942 rebus
943 2900 1045 2942 sermo
1069 2883 1222 2958 oreretur,

155 3007 252 3088 poeta
285 3026 350 3067 non
385 3004 553 3068 dubitabat
583 3026 621 3068 ea
648 3024 773 3087 quoque
798 3001 960 3082 adhibere,
986 3025 1057 3086 quae
1081 3003 1146 3066 iam
1170 3003 1224 3067 diu

154 3133 270 3213 parata
292 3128 441 3207 habebat,
464 3127 541 3192 licet
562 3128 632 3192 haec
657 3152 675 3192 a
697 3127 856 3212 principio
886 3128 1089 3212 seposuisset,
1120 3131 1156 3191 ut
1183 3128 1223 3192 ad

158 3253 256 3318 alium
292 3276 384 3319 usum
414 3258 627 3320 servarentur.
674 3252 726 3318 Sic
749 3253 817 3318 sine
842 3252 938 3317 dubio
962 3275 1019 3316 cur
1041 3253 1146 3336 prima
1169 3250 1224 3316 lu-

156 3379 280 3446 venalis
314 3379 412 3442 satira
442 3384 667 3465 argumentum
693 3383 761 3443 tam
783 3379 908 3444 varium
930 3378 1049 3442 habeat
1070 3375 1224 3442 facillime

157 3504 365 3586 explicamus.
