2916 4834
566 445 740 509 -53-

121 619 174 686 Ibi
199 643 324 704 quoque
349 643 491 705 quaerere
514 622 600 700 licet,
624 622 756 687 ubinam
773 623 820 687 *sit
844 623 980 687 alterum
1000 626 1188 706 membrum,

122 747 208 830 quod
231 746 321 830 sequi
346 747 470 812 debeat.
517 744 692 812 statuimus
715 746 775 811 hoc
798 771 827 812 v.
854 749 872 811 8
896 747 1047 813 inveniri:

444 930 551 989 frontis
575 933 658 990 nulla
680 930 762 990 fides

154 1185 160 1203 Ι
230 1119 330 1184 Recte
366 1119 528 1186 observari
562 1124 677 1204 potest,
707 1121 767 1186 hoc
790 1123 968 1187 membrum
990 1122 1078 1187 nullo
1102 1125 1189 1188 certo

119 1246 221 1310 verbo
255 1266 327 1309 cum
362 1244 462 1309 altero
496 1245 660 1331 coniungi3
685 1249 826 1310 attamen
849 1247 940 1311 nobis
963 1248 1188 1330 persuasimus,
1241 1268 1243 1280 ’

119 1369 192 1434 haec
222 1371 283 1434 duo
306 1370 451 1434 membra
474 1371 617 1453 separari
640 1393 704 1434 non
727 1393 830 1454 posse.
876 1369 962 1434 Nam
985 1371 1055 1455 quis
1078 1393 1188 1441 versus

120 1495 167 1559 ad
198 1517 228 1559 v.
263 1495 284 1558 4
318 1494 432 1558 melius
467 1495 658 1577 respondet?
704 1493 756 1559 Sic
787 1496 822 1559 in
852 1494 893 1561 V.
921 1496 1019 1560 satira
1042 1497 1188 1581 legentes

118 1619 221 1684 verba
255 1619 328 1708 illa:
364 1619 467 1703 primo
497 1619 561 1704 fige
588 1619 669 1698 loco,
694 1643 723 1684 v.
748 1620 791 1683 24
815 1621 907 1704 quasi
930 1621 1066 1685 alterum
1088 1643 1189 1686 mem-

119 1745 216 1808 brum
249 1744 357 1807 induci
380 1744 563 1822 statuimus3
600 1743 655 1807 sed
678 1743 738 1808 hoc
761 1745 895 1808 interest
917 1745 1002 1810 inter
1024 1742 1067 1810 ΙΙ.
1092 1749 1124 1810 et
1147 1744 1189 1812 V.
1226 1781 1232 1792 ·

36 1861 38 1864 ’
119 1868 265 1948 satiram,
302 1869 385 1951 quod
419 1868 453 1932 in
487 1868 543 1931 illa
572 1890 682 1933 versus
712 1869 743 1947 4,
769 1870 798 1948 8,
825 1871 866 1933 14
889 1870 1022 1934 totidem
1046 1871 1189 1935 membra

119 1993 266 2058 eiusdem
299 1993 402 2076 partis
435 1963 629 2078 significant,
653 1993 687 2056 in
709 1993 770 2057 hac
794 1997 900 2058 autem
923 1995 1067 2059 versibus
1092 1997 1132 2059 12
1157 1999 1190 2060 et

120 2118 167 2180 24
202 2117 263 2181 duo
297 2117 427 2202 quidem
458 2119 602 2182 membra
629 2118 831 2197 inducuntur,
855 2141 987 2202 quorum
1011 2122 1118 2183 tamen
1142 2119 1189 2184 al·

118 2246 227 2305 terum
261 2242 301 2305 ad
330 2243 509 2327 prologum,
534 2243 670 2306 alterurn
693 2244 733 2307 ad
756 2243 860 2327 ipsam
883 2243 1014 2308 satiram
1037 2246 1188 2328 pertinet,

118 2370 162 2430 ut
196 2365 248 2430 vel
278 2388 318 2432 ex
340 2367 559 2450 inaequalitate
583 2389 691 2432 eorum
713 2343 821 2432 ridere
843 2389 1019 2452 possumus.
1065 2367 1125 2432 His
1150 2370 1189 2433 de

119 2493 167 2556 23
190 2491 305 2576 primis
326 2492 470 2556 versibus
492 2493 675 2576 praemissis,
699 2493 755 2556 illa
779 2493 880 2557 maior
904 2495 999 2577 atque
1026 2495 1190 2577 praecipua

117 2638 209 2700 pars,
240 2615 314 2679 inde
346 2638 364 2680 a
393 2639 423 2680 v.
450 2616 492 2678 24
516 2617 555 2680 ad
578 2639 609 2681 v.
635 2617 697 2681 156
722 2619 966 2682 commentarios
991 2618 1110 2702 aliquot
1133 2619 1189 2684 de·

117 2740 252 2804 siderat.

230 2864 378 2928 Diximus
413 2865 544 2928 satiram
579 2865 726 2949 quintam
761 2867 882 2930 clarum
912 2889 979 2931 esse
1009 2867 1190 2951 exemplum

117 2988 300 3071 disciplinae
336 2988 504 3054 rhetoricae
540 2985 710 3053 Iuvenalis.
757 2989 867 3054 Dividi
902 2991 987 3055 enirn
1021 2995 1127 3075 potest
1156 2992 1189 3055 in

117 3112 373 3178 innumerabiles
407 3113 475 3177 fere
510 3113 670 3192 articulos,
701 3135 836 3197 quorum
865 3119 974 3194 tamen
997 3115 1190 3180 cohaerentia

118 3257 161 3302 ac
191 3239 302 3299 mutua
325 3237 500 3301 similitudo
524 3238 616 3301 anxie
641 3238 836 3304 observatur.
883 3238 972 3314 Quod
995 3243 1102 3304 tamen
1125 3263 1190 3304 non

117 3362 268 3444 impedit,
304 3362 471 3445 quominus
505 3366 601 3446 poeta
629 3385 717 3427 more
748 3386 804 3428 suo
826 3364 930 3428 locum
953 3364 1112 3429 interdum
1136 3367 1191 3430 det

117 3485 408 3551 exclamationibus
444 3489 476 3551 et
511 3487 665 3550 eiusmodi
695 3487 806 3572 figuris
830 3489 990 3570 orationis,
1015 3489 1126 3554 sedin
1150 3490 1189 3554 iis

117 3632 248 3696 quoque
291 3611 494 3695 disponendis
533 3611 698 3676 rhetorum
736 3612 859 3677 scholas
897 3635 930 3678 se
969 3613 1190 3698 frequentasse

116 3735 241 3820 prodit.

229 3857 350 3924 Versus
373 3860 398 3923 ii
421 3859 612 3942 (ar-155),
637 3859 670 3923 in
693 3860 809 3944 quibus
834 3882 912 3925 cena
935 3860 1081 3928 Virronis
1104 3885 1191 3928 com-

116 3987 327 4064 memoratur,
361 3984 396 4048 in
428 3987 494 4048 tres
528 3987 636 4067 partes
667 3989 778 4068 sponte
810 3985 1003 4052 dividuntur.
1049 3985 1201 4064 Quarum.

118 4081 314 4192 prima*vv.
350 4109 481 4173 24-79
520 4109 752 4192 complectitur,
791 4110 846 4194 qui
879 4111 1073 4198 principium
1103 4135 1191 4179 cenae
