2854 4828
563 437 669 500 ..49
696 471 736 480 .-

83 611 324 708 describeret.
364 611 396 676 Si
420 613 490 696 quis
515 613 614 697 igitur
638 635 723 697 aegre
743 614 815 690 fert,
833 614 917 696 quod
933 611 1067 676 Romani
1085 611 1179 676 duces

106 739 203 802 inter
227 737 352 803 Graecos
377 741 408 800 et
432 739 583 802 barbaros
605 738 833 816 desiderentur,
858 740 1022 814 contentus
1039 737 1090 815 sit,
1107 758 1179 800 cum

105 864 196 928 duos
222 887 259 927 ex
283 864 331 940 iis,
356 885 418 926 non
434 864 527 926 modo
545 864 628 946 quod
644 863 792 926 militaris
809 862 920 948 gloriae
937 863 1043 945 cupidi
1059 862 1179 926 fuerint

106 1010 228 1054 verum
265 988 362 1052 etiam
397 988 479 1070 quod
516 989 555 1050 ad
590 988 721 1050 nimiam
756 990 885 1050 aetatem
908 988 1121 1070 pervenerint,
1145 987 1178 1050 in

106 1114 256 1176 miseriis
279 1117 441 1176 versantes
465 1112 549 1175 infra
572 1112 688 1175 videat.

225 1237 266 1302 V.
304 1239 364 1301 116
402 1261 419 1301 a
454 1237 610 1321 Pinzgero
638 1237 769 1299 reicitur
788 1237 810 1311 ¹)
846 1241 1008 1320 tamquam
1032 1236 1179 1321 frigidus,

107 1367 282 1446 tamquam
319 1362 356 1426 de
392 1362 487 1426 trivio
523 1365 676 1444 sumptus
712 1365 874 1444 tamquam
899 1361 980 1424 nihil
1004 1362 1178 1426 continens,

106 1487 264 1552 Retineri
298 1490 412 1569 potest,
448 1509 522 1550 nam
556 1483 715 1550 Iuvenalis
739 1509 800 1550 non
824 1489 948 1550 tantum
973 1487 1077 1550 dicere
1101 1488 1179 1567 vult,

101 1612 264 1696 sepulcra
292 1611 410 1676 iniuria
433 1615 612 1694 temporum
636 1611 744 1689 deleri,
769 1633 879 1674 verum
903 1603 940 1674 ea
963 1632 1087 1693 quoque
1112 1611 1179 1676 fatu

105 1736 256 1801 obnoxia
280 1757 364 1800 esse:

474 1857 536 1915 fata
560 1861 670 1932 regunt
692 1857 823 1914 homiues

225 2017 283 2084 Ille
319 2043 427 2084 versus
463 2018 532 2100 (lX.
569 2023 624 2096 32)
652 2019 803 2086 hocloco
827 2020 872 2082 sic
896 2019 1118 2102 amplificatur,
1145 2023 1180 2082 ut

107 2147 151 2224 ii,
186 2146 239 2228 qui
276 2145 387 2230 gloriae
424 2145 530 2228 cupidi
554 2145 628 2224 siut,
652 2147 880 2228 postmortem
904 2166 944 2207 ne
968 2143 1000 2206 in
1024 2144 1178 2226 sepulcris

103 2271 247 2356 quidem
282 2271 346 2333 suis
382 2269 645 2352 splendidissimis
669 2269 731 2332 tuti
755 2291 822 2332 esse
847 2268 1009 2332 dicantur:
1038 2268 1106 2332 fata
1129 2290 1180 2332 re·

107 2399 200 2481 gunt
232 2395 386 2473 homines
421 2397 538 2478 regunt
562 2370 657 2461 etiam
682 2395 886 2456 monumenta
910 2414 1027 2457 eorum.
1075 2391 1178 2467 Quare

105 2521 241 2584 vanitas
265 2519 378 2584 horum
401 2519 565 2582 hominum
589 2519 634 2580 sic
657 2518 757 2582 multo
780 2517 1144 2602 magiaperstringitur.

224 2643 343 2708 Crebra
367 2644 502 2708 sribiecti
527 2643 660 2706 mutatio
685 2645 733 2704 est
756 2665 805 2706 vv.
833 2643 1021 2706 rsa-153:

367 2818 487 2876 additur
510 2817 639 2892 imperiis
663 2816 816 2894 Hispania,
841 2816 1019 2890 Pyrenaeum

249 2925 389 2984 transilit.
415 2924 554 3000 opposuit
577 2927 685 2980 natura
708 2923 874 2998 Alpemque
899 2923 1069 2997 niuemque:

251 3033 364 3090 diducit
387 3032 523 3106 scopulos
547 3033 577 3086 et
600 3033 730 3088 montem
754 3029 867 3104 rumpit
891 3031 974 3086 aceto

224 3193 323 3258 Nulla
357 3199 464 3256 tamen
491 3194 564 3258 inde
589 3193 782 3278 ambiguitas
807 3192 917 3256 oritur.
964 3187 1031 3253 Iter
1054 3189 1179 3254 Hanni·

104 3320 198 3385 balis
235 3341 274 3382 ex
310 3318 466 3401 Hispania
502 3319 534 3382 in
570 3316 696 3381 ltaliam
721 3317 921 3399 describitur,
946 3316 1001 3378 sed
1026 3315 1179 3380 audacem

110 3447 344 3528 imperatorem
379 3444 445 3506 siue
470 3443 536 3506 ulla
560 3441 745 3505 difficultate
770 3441 942 3523 sequimur,
967 3440 1043 3503 licet
1067 3443 1099 3503 et
1122 3464 1179 3504 na-

109 3574 188 3632 tura
224 3571 264 3642 et,
290 3569 374 3651 quod
398 3566 593 3631 Ribbeckius
617 3566 807 3629 contendere
832 3565 966 3644 videtur,
992 3567 1088 3648 poeta
1110 3565 1179 3648 ipse

109 3693 213 3756 variis
237 3692 472 3774 impedimentis
496 3713 552 3754 nus
576 3691 610 3754 in
632 3691 685 3753 via
708 3691 870 3753 retardare
894 3690 1052 3752 studeant.
1092 3687 1177 3752 Nam

110 3818 172 3882 illa
204 3816 341 3882 subiecti
364 3816 497 3879 mutatio
520 3838 583 3878 non
607 3814 764 3878 difficilior
788 3819 836 3878 est
859 3837 954 3898 quam
979 3836 1026 3894 ea,
1051 3785 1121 3897 quse
1146 3813 1179 3876 in

106 3942 214 4006 satira
238 3945 328 4004 sexta
351 3962 401 4004 vv.
427 3941 601 4003 sas-598
626 3942 812 4022 usurpatur:

228 4117 246 4187 ¹)
268 4119 384 4172 Pruzssu
403 4117 421 4171 1.
441 4117 460 4170 1.
479 4136 506 4186 p.
528 4117 568 4170 12.
