2930 4836
703 382 899 444 -128-

271 558 374 622 Multo
398 559 510 623 melius
535 580 603 622 esse
626 558 706 622 mihi
729 559 855 622 ridetur
878 563 949 642 post
972 581 1081 623 carcer
1104 560 1332 645 interpungere

270 687 303 746 et
337 685 473 748 rusticus
509 685 605 747 verbo
629 686 795 766 exspectas
819 684 997 748 adnectere.
1043 680 1202 748 luvenalis
1226 685 1333 749 dicere

184 805 187 812 ’
269 807 349 884 vult,
378 808 531 872 rusticum
554 811 678 870 tantum
702 808 862 872 hominem
886 809 1040 892 pudicitia
1064 808 1233 874 mulierum
1258 831 1333 873 con-

270 932 379 996 fidere.
428 932 492 996 Ofr.
517 954 588 1015 quae
613 933 693 996 dixit
716 930 773 995 VI.
799 933 944 997 55-57:
1023 925 1026 933 ’

379 1109 487 1166 magna
510 1094 610 1148 tamen
633 1091 712 1147 fama
737 1094 781 1148 est
805 1090 958 1148 cuiusdam
981 1109 1050 1148 rure
1073 1093 1198 1166 paterno

378 1197 525 1255 viventis?
552 1197 635 1254 vivat
659 1195 760 1254 Gabiis
783 1200 827 1254 ut·
841 1197 916 1254 vixit
938 1197 968 1254 in
993 1216 1074 1274 egro,

292 1305 295 1312 '
377 1303 460 1362 vivat
482 1303 611 1374 Bideris,
637 1307 666 1361 et
690 1304 785 1378 agello
810 1305 881 1362 cedo
904 1307 1029 1379 paterno

377 1466 426 1530 De
462 1467 534 1530 odio
561 1470 662 1548 poetae
686 1467 720 1533 'm
743 1466 901 1546 mulieres²
926 1467 1009 1550 quod
1032 1467 1091 1530 hoc
1115 1490 1241 1550 quoque
1264 1469 1333 1532 loco

271 1592 436 1674 patefacit,
468 1591 522 1654 vix
547 1595 594 1654 est
617 1591 700 1675 quod
723 1613 882 1655 moneam:
918 1597 1028 1654 notum
1051 1596 1099 1655 est
1123 1614 1162 1655 cx
1186 1593 1331 1681 omuibus

223 1803 231 1820 ι
271 1717 339 1780 fere
363 1717 470 1778 satiris
495 1717 562 1778 eius
586 1715 665 1796 (cfr.
690 1695 854 1779 Weiseum
877 1739 909 1799 p.
936 1717 1000 1797 16).

377 1839 457 1904 Tam
491 1841 616 1922 ineptos
651 1863 700 1904 vv.
735 1843 864 1906 31--33
889 1840 1086 1904 Ribbeckius
1111 1862 1178 1904 esse
1204 1842 1280 1904 dicit
1297 1841 1331 1923 ¹),

269 1969 306 2030 ut
341 1965 456 2060 alteros
491 1965 530 2027 iis
565 1945 685 2028 similes
721 1965 804 2048 apud
839 1962 1023 2029 Iuvenalem
1055 1966 1175 2031 frustra
1198 1986 1331 2050 quaeras

271 2089 354 2164 Quid
379 2089 441 2153 hoc'
465 2093 531 2153 est?
567 2087 680 2153 Nonne
705 2095 737 2153 et
758 2112 834 2154 vera
858 2093 940 2168 sunt,
965 2112 1035 2172 quae
1059 2091 1092 2152 in
1115 2090 1155 2153 iis
1175 2091 1330 2168 dicuntur,

272 2217 304 2278 et
341 2215 419 2278 berre
444 2215 638 2296 composita?
673 2213 832 2289 Quidnam
854 2214 997 2293 haberet,
1022 2216 1104 2298 quod
1127 2215 1161 2278 in
1186 2215 1225 2278 iis
1248 2216 1330 2279 ritu-

270 2343 410 2424 peraret,
434 2362 497 2403 non
521 2340 665 2422 protulit.
704 2339 801 2423 Legit
823 2339 877 2402 ille
901 2340 1027 2422 quidem
1052 2341 1189 2404 subcunt
1205 2339 1248 2420 (v.
1266 2339 1328 2421 33),

271 2485 342 2546 quae
366 2464 471 2540 lectio,
496 2486 686 2548 quamquam
710 2464 745 2526 in
768 2465 834 2527 cod.
859 2463 894 2527 P.
912 2467 969 2543 est,
986 2465 1177 2528 removenda
1192 2465 1328 2542 ridetur3

271 2589 375 2651 attera
398 2589 464 2667 illa,
489 2591 632 2666 subeant,
658 2611 753 2671 quam
777 2611 815 2652 ex
835 2611 859 2648 ω
874 2590 995 2672 recepit
1011 2586 1151 2668 Iahnius,
1168 2590 1329 2654 meliorem

270 2714 376 2778 reddit
399 2714 600 2778 sententiam.
639 2681 822 2777 Domestica
845 2714 985 2796 pertinet
1009 2715 1048 2777 ad
1072 2714 1218 2798 exempla
1234 2714 1329 2797 (Her-

271 2861 404 2901 mannus
428 2861 490 2901 non
514 2842 600 2901 recte
625 2839 824 2922 interpungit
848 2841 920 2901 ante
941 2838 1000 2902 hoc
1018 2839 1233 2917 adiecturum),
1258 2862 1328 2902 nam

270 2983 375 3032 sermo
399 2966 447 3026 est
471 2963 508 3024 de
532 2963 572 3025 iis
593 2963 670 3045 ipsis
688 2964 850 3052 exemplis
868 2985 938 3046 quae
955 2967 1103 3046 parentes
1119 2963 1228 3029 liberis
1245 2965 1327 3041 dant,

270 3091 304 3150 et
326 3091 475 3170 parentes
499 3087 608 3172 magni
633 3092 776 3152 auctores
799 3089 867 3151 iure
893 3089 1102 3171 appellantur.

376 3212 508 3276 Rectius
543 3209 690 3275 Weiseus
725 3235 796 3276 cum
832 3214 869 3286 de
901 3213 1008 3295 pravis
1032 3213 1274 3277 transitionibus
1297 3214 1328 3276 in

271 3357 310 3399 ea
334 3343 435 3420 parte,
460 3359 530 3420 quae
555 3360 605 3401 vv.
631 3338 760 3400 74-85
785 3337 935 3415 continet,
952 3338 1143 3422 loqueretur,
1162 3360 1232 3401 cam
1248 3339 1329 3401 vitu·

271 3483 385 3544 perare
420 3464 585 3545 potuisset,
616 3485 686 3545 quae
711 3466 760 3525 est
782 3485 812 3526 r.
837 3464 889 3540 81,
914 3485 1009 3545 quam
1033 3485 1086 3526 eas
1110 3467 1180 3558 quae
1205 3466 1279 3526 sunt
1301 3487 1328 3527 v.

275 3585 317 3648 74
342 3588 374 3648 et
397 3608 426 3648 r.
453 3587 503 3664 77,
527 3609 602 3650 nam
625 3587 702 3650 illud
727 3588 781 3651 sed
805 3587 971 3650 molestum
995 3591 1058 3650 est:

361 3751 412 3809 sed
435 3751 566 3826 leporem
589 3757 642 3810 aut
666 3771 802 3827 capream
825 3753 944 3810 famulae
968 3752 1046 3811 Iovis
1071 3755 1100 3811 et
1122 3771 1273 3829 generosae

359 3858 389 3915 in
413 3858 492 3916 saltu
515 3862 663 3916 venantur
687 3878 754 3918 ares

381 4063 400 4130 ²)
421 4065 539 4118 Riuaucr
560 4064 578 4116 1.
598 4064 616 4117 1.
636 4081 662 4131 p.
683 4065 724 4118 28.
