2930 4836
590 439 763 502 -85-

139 617 227 700 quod
258 616 340 680 unde
376 619 480 680 sumat
514 617 630 680 nescio.
678 616 776 680 Poeta
799 639 862 680 non
885 617 1053 702 distinguit
1075 593 1208 701 paratos]

138 741 262 806 hostias
298 742 338 804 ab
370 740 419 816 iis,
444 762 514 826 quoe
538 743 675 806 nondum
700 745 820 824 paratae
845 745 936 806 erant
959 741 1036 824 (Ofr.
1062 741 1205 810 ducimus

138 889 172 930 v.
199 871 230 945 3,
255 867 383 930 dabitur
405 889 434 929 v.
460 867 490 944 4,
516 865 620 948 quatit
642 889 672 930 v.
698 865 741 948 5).
781 865 953 944 Pn‘rticula,
977 888 1046 949 quoe
1072 870 1120 930 est
1137 869 1203 946 sed,

138 991 214 1055 ideo
249 991 427 1071 adhibetur,
463 994 500 1054 ut
533 991 695 1091 distinctio
725 991 768 1053 sit
790 991 874 1054 inter
897 989 1060 1064 Iunonem,
1084 991 1204 1086 Miner·

138 1139 216 1180 vum
240 1120 281 1194 et,
305 1117 359 1199 qui
383 1139 537 1180 summam
563 1114 690 1198 imperii
712 1120 811 1194 tenet,
836 1113 953 1180 Iovem.
990 1137 992 1142 ·

250 1239 311 1305 Vr.
337 1241 437 1305 7-9:

251 1416 361 1492 quippe
384 1417 467 1474 ferox
491 1407 616 1487 vitulus,
638 1416 757 1492 templis
780 1419 917 1474 maturus
941 1420 971 1474 et
995 1434 1053 1474 arae

249 1524 492 1599 spargendusque
515 1541 606 1592 mero,
631 1541 718 1598 quem
742 1523 802 1584 ium
824 1523 918 1599 pudet
940 1523 1033 1580 ubere
1056 1523 1160 1582 metris
1225 1543 1230 1567 r

250 1631 366 1700 ducere,
392 1631 443 1706 qui
467 1633 555 1688 vexet
578 1631 710 1688 nascenti
733 1631 841 1688 robora
866 1648 958 1688 cornu

139 1795 313 1858 verborum
349 1794 471 1877 copiam
500 1795 648 1877 produnt,
672 1816 734 1857 non
757 1793 944 1856 inusitatam
967 1793 1096 1876 quidem
1119 1794 1204 1876 apud
1248 1781 1256 1800 '

139 1916 338 1993 Iuvenalem,
363 1919 418 1982 sed
441 1941 512 2003 quae
536 1899 669 1982 molesta
691 1918 850 1982 interdurn
875 1918 945 1980 fieri
969 1918 1078 2000 possit.
1115 1917 1218 1994 Quod,

138 2047 250 2108 tamen
287 2045 324 2106 de
358 2041 418 2107 hoc
452 2044 521 2108 loco
556 2066 619 2107 non
645 2033 745 2127 polet.
792 2036 946 2118 Quamvis
967 2044 1051 2106 enim
1075 2043 1202 2120 vitulus

138 2160 198 2251 qui
228 2167 317 2231 ferox
341 2169 392 2244 sit,
417 2191 515 2232 cornu
537 2170 652 2233 roboro
675 2173 782 2245 vexet;
818 2168 973 2251 quamvis
998 2169 1052 2250 qui
1075 2168 1203 2251 templis

137 2295 285 2356 maturus
318 2293 370 2370 sit,
406 2289 518 2356 etiam'
539 2293 601 2356 aris
625 2315 773 2376 meroque
797 2294 838 2356 sit
861 2296 1015 2370 maturus
1039 2293 1204 2356 tamenin

137 2416 193 2480 his
227 2417 332 2482 verbis
367 2418 414 2487 ris
438 2419 584 2501 quaedam
606 2418 699 2493 inest,
723 2440 794 2500 quae
819 2419 936 2482 efficiat
959 2421 994 2480 ut
1016 2420 1124 2501 imago
1148 2417 1221 2480 illa*

138 2541 246 2625 magis
281 2543 354 2606 viva
389 2543 456 2620 fiac,
491 2545 527 2605 ut
561 2543 637 2625 quid
671 2543 763 2606 nobis
797 2547 973 2606 monstrare
1009 2543 1086 2607 velit
1109 2546 1204 2625 poete

138 2667 234 2750 quasi
268 2669 442 2751 praesentes
476 2667 575 2731 oculis
610 2689 785 2730 cernamus
832 2667 1003 2732 Lubricam
1036 2667 1204 2730 admodum

138 2792 210 2855 eius
233 2791 317 2855 modi
341 2793 465 2876 copiam
488 2793 657 2856 verborum
680 2813 748 2856 esse
772 2797 805 2855 et
827 2814 948 2855 summo
973 2813 1068 2874 opere
1090 2771 1204 2856 coren-⁴

139 2917 228 2994 dum,
264 2937 304 2978 ne
339 2917 437 2979 nimia
472 2919 528 2980 aut
554 2939 686 3000 operosa
708 2917 760 2996 sit,
777 2917 877 2980 ¹facile
902 2918 1055 2994 couced03
1080 2916 1204 2980 videbi-

137 3063 212 3104 mus
248 3040 332 3104 infra
356 3041 443 3103 aliud
467 3042 658 3124 exemplum,
683 3041 738 3106 ubi
761 3045 856 3126 poeta
878 3043 946 3106 iure
971 3043 1011 3106 ad
1035 3039 1204 3104 'arbitrium

138 3166 240 3229 verbe
264 3165 501 3249 sententiasque
526 3166 734 3250 componendi
758 3189 820 3231 non
843 3168 934 3231 modo
957 3167 1068 3244 utitur,
1093 3175 1204 3228 verum

138 3289 237 3372 plane
261 3291 413 3356 abutitur.

207 3421 210 3430 ’
248 3413 445 3478 Ribbeckius
470 3416 657 3499 scriptorem
681 3417 787 3480 satirae
812 3416 1005 3480 duodecimae
1029 3414 1203 3498 reprehen-

139 3539 188 3602 dit
207 3539 240 3616 ¹),
277 3540 360 3622 quod
395 3540 513 3624 duplex
547 3541 581 3604 in
605 3562 643 3604 ea
666 3541 708 3604 sit
731 3541 985 3605 commemoratio
1009 3545 1139 3625 paratus
1163 3541 1204 3603 ad

138 3663 257 3728 festum
295 3664 378 3728 diem
410 3665 635 3730 celebrandum
659 3665 722 3748 (vv.
742 3665 856 3730 ‘1-*14
881 3669 913 3729 et
937 3666 1091 3748 83-92).
1130 3661 1203 3728 Non

138 3788 245 3866 vide0,
281 3809 336 3852 cur
370 3789 430 3853 hoc
464 3813 528 3854 non
549 3791 656 3855 liceat.
703 3789 764 3855 Vv.
791 3789 1081 3856 1-14'Iuvennlis
1105 3775 1203 3854 sucri-

137 3912 250 3976 ficium
284 3935 318 3976 se
353 3916 513 3978 facturum
543 3915 630 3996 dicit,
655 3917 768 3980 deinde
793 3917 932 4000 exponit,
957 3939 1013 3981 cur
1035 3915 1202 3994 sacrificet,

253 4123 272 4192 ¹)
293 4125 412 4180 Rrsnscrr
431 4127 450 4180 l.
470 4127 488 4182 l.
507 4145 535 4198 p.
555 4129 596 4182 25.
