2930 4836
611 483 650 490 -
678 447 739 512 149
766 483 805 491 .-

178 628 220 710 (r.
251 599 313 710 Ι24)
348 627 460 710 caligae
490 629 522 689 et
545 626 642 703 clavi3
680 627 717 689 de
742 625 839 688 clavis
862 625 1000 690 militum
1023 628 1117 708 poeta
1140 625 1238 689 etiam

177 750 237 816 III.
263 752 437 816 alr-248
461 751 594 815 iocatur.

283 875 356 940 Non
379 900 451 940 raro
479 878 516 939 fit
538 878 571 940 in
595 877 701 940 satiris
725 873 939 940 luvenalianis
964 880 997 940 ut
1020 879 1124 960 poeta,
1149 878 1237 960 post-

85 1071 89 1078 ,
177 1026 272 1087 quan]
296 1026 391 1066 unam
414 996 466 1067 vel
482 1003 590 1086 plures
606 1003 871 1087 interrogationes
888 1002 1031 1082 inseruit,
1048 1002 1237 1066 sententiam

181 1130 287 1206 addat,
312 1151 383 1211 quae
409 1127 573 1192 consilium
598 1128 724 1211 aliquod
744 1128 905 1192 contineat
920 1150 1053 1211 quaeque
1071 1129 1155 1192 idem
1170 1128 1237 1191 fere

178 1254 341 1338 significet
365 1275 401 1316 ac
425 1254 451 1316 si
476 1275 532 1335 per
556 1252 757 1336 particulam,
782 1275 852 1336 quae
877 1256 925 1316 est
949 1274 1035 1337 ergo,
1060 1253 1237 1318 inducatur.

74 1381 76 1395 '
177 1375 330 1463 ¹Legimus
353 1401 404 1442 vv.
430 1378 576 1442 25--28:

194 1468 199 1477 Ι
592 1500 658 1575 quis
681 1503 744 1558 tarn
767 1501 872 1593 procul
895 1499 973 1558 absit
996 1499 1033 1558 ab
1056 1500 1131 1558 urbe

285 1611 439 1684 praeterea,
464 1607 530 1682 quis
553 1611 615 1664 tani
639 1607 775 1682 Pyladea
800 1608 906 1664 molem
931 1607 1046 1682 aggeris
1069 1608 1151 1664 ultra

186 1791 188 1796 Α
286 1719 322 1773 ut
345 1715 465 1774 veniat?
488 1714 617 1772 lacrimae
641 1713 789 1771 siccentur
811 1713 956 1808 protinus,
981 1717 1063 1772 etse

284 1829 475 1881 excusaturos
499 1841 558 1880 non
582 1821 772 1880 sollicitemus
797 1820 904 1878 amicos

179 1960 243 2024 cfr.
269 1925 316 2036 ea,
340 1982 410 2044 quae
434 1960 586 2044 leguntur
609 1955 668 2022 ΠΙ.
696 1959 884 2022 loo-163:

265 2090 350 2184 'quis
373 2129 464 2185 gener
486 2109 533 2167 hic
557 2107 671 2184 placuit
694 2125 782 2166 censu
805 2107 901 2165 minor
924 2109 1014 2184 atquc
1037 2109 1144 2182 puellae

284 2217 437 2276 sarcinulis
461 2217 577 2292 impar?
602 2215 667 2290 quis
691 2233 805 2290 pauper
828 2214 969 2272 scribitur
991 2216 1094 2273 heres?

223 2303 225 2312 Ι
286 2326 404 2399 quando
428 2325 458 2381 in
483 2300 613 2381 consilio·
628 2325 671 2380 est
695 2321 847 2379 aedilibus?
872 2322 986 2397 agmine
1012 2322 1090 2380 facto

286 2432 451 2488 debuerant
474 2429 543 2487 olim
567 2431 670 2488 tenues
695 2429 836 2506 migrasse
860 2427 988 2498 Quirites

180 2567 244 2632 cfr.
270 2565 342 2632 VII.
370 2535 566 2632 llo—149}
599 2567 752 2652 Magnam
776 2566 1015 2630 similitudinem
1039 2567 1235 2630 intercedere
1335 2625 1340 2634 .

178 2693 262 2757 inter
284 2716 334 2757 vr.
360 2695 507 2758 29—32:

845 2787 954 2844 audeat
976 2786 1025 2844 ille

336 2897 433 2955 nescio
458 2896 532 2971 quie,
557 2913 673 2971 pugnos
697 2894 749 2968 qui
772 2894 856 2964 vidit,
881 2894 976 2951 dicere
1000 2894 1075 2952 vidi:

338 3007 368 3061 et
391 3005 509 3062 credam
533 3004 656 3079 dignum
679 3002 773 3059 barba
797 3001 979 3076 dignumque
1002 3001 1115 3076 caprillis

336 3112 482 3170 maiorum

179 3256 299 3330 otene,
324 3251 379 3334 qui
402 3247 459 3314 Vl.
485 3249 613 3313 56-57
639 3247 857 3310 inveniuntur:

497 3390 580 3448 vivat
605 3387 715 3458 Gabiis,
740 3390 776 3445 ut
799 3386 873 3444 vixit
895 3386 925 3445 in
949 3403 1031 3462 agro,

377 3498 461 3556 vivat
484 3497 617 3555 Fidenis:
642 3499 672 3554 et
695 3496 791 3570 agello
815 3494 885 3552 cedo
909 3497 1033 3568 paterno

178 3637 292 3723 negari
316 3659 379 3700 non
402 3638 518 3720 potest.
559 3630 627 3696 Iam
650 3635 754 3716 poeta,
776 3634 942 3714 postquam
958 3629 1096 3712 priorem
1112 3632 1236 3711 partem

178 3763 338 3826 sententia
373 3762 510 3844 quadam
545 3758 699 3843 generali,
733 3759 770 3820 ut
803 3756 909 3821 facere
933 3755 1022 3834 solet,
1047 3755 1150 3819 finivit
1173 3754 1236 3836 (vv.

178 3889 333 3969 32-34),
359 3887 399 3950 ad
423 3886 517 3949 aliam
542 3855 667 3967 partem
690 3881 749 3947 hoc
772 3882 865 3945 modo
888 3881 1018 3945 transit:

266 4035 388 4112 praemia
411 4054 490 4094 nunc
514 4033 571 4092 alia
595 4036 685 4108 atque
709 4031 767 4090 alia
791 4031 989 4090 emolumenta
1012 4031 1147 4087 notemus

266 4145 520 4204 sacramentorum
