2916 4834
734 406 908 476 ,62-

219 638 225 650 .
289 611 346 654 suo
375 589 454 668 iure,
484 611 547 656 non
570 611 738 674 negamus3
768 589 823 652 sed
847 611 920 653 curn
941 588 1038 668 illius,
1063 611 1125 654 non
1148 592 1265 673 poetae,
1284 579 1367 653 'esse

290 715 453 779 contendit
485 715 648 798 multaque
682 714 837 799 ligamina
872 717 904 778 et
938 716 1128 800 coagmenta
1158 737 1177 778 a
1205 711 1367 799 Naegels-

229 867 231 874 ·
289 839 414 918 bachio,
444 861 507 903 non
537 836 728 903 aluvenale
752 838 837 902 facta
860 860 928 903 esse
953 841 1124 917 asseverat,
1148 839 1256 903 videto
1283 861 1367 923 pro·

288 964 384 1042 fecto,
419 986 459 1028 ne
493 965 528 1027 in
562 967 662 1029 semet
691 965 760 1048 ipse
787 964 894 1048 legem
916 963 1049 1028 fatalem
1072 964 1255 1029 constituat.
1310 963 1365 1030 Sic

289 1089 469 1153 Hermanni
503 1111 626 1173 quoque
660 1090 898 1173 dispositionem
921 1089 1017 1153 variis
1042 1087 1288 1154 difficultatibus
1314 1090 1367 1153 la·

289 1214 401 1279 borare
426 1216 574 1280 ostendit.
592 1214 616 1296 1)
682 1212 685 1224 ’
1028 1208 1031 1217 ’
1347 1205 1349 1212 ’

394 1335 553 1403 Iuvenalis
577 1362 649 1404 cum
671 1344 794 1404 sextam
817 1340 948 1404 satiram
968 1341 1123 1404 scriberet
1137 1339 1196 1404 hoc
1212 1341 1363 1404 maxime

289 1463 352 1527 sibi
373 1468 591 1547 proposuerat,
615 1469 651 1529 ut
673 1465 861 1530 Postumum
884 1463 1021 1529 amicum
1044 1489 1063 1528 a
1078 1465 1284 1528 matrimonio
1304 1465 1363 1528 de-

287 1591 433 1654 terreret.
480 1587 579 1668 Quod,
603 1591 665 1654 nisi
689 1590 820 1655 consilia
836 1591 938 1654 causis
954 1591 1038 1654 veris
1055 1594 1087 1654 et
1103 1591 1255 1675 gravibus
1271 1589 1364 1652 fulta

288 1735 356 1778 esse
392 1715 631 1795 demonstraret,
662 1716 767 1780 facere
796 1737 860 1780 non
882 1719 1019 1799 poterat.
1065 1715 1154 1778 Duas
1177 1715 1294 1798 igitur·
1307 1736 1362 1778 res

288 1839 383 1904 simul
414 1843 574 1904 assecutus
608 1844 669 1906 est:
706 1844 748 1904 et¹
761 1840 867 1905 oculos
892 1841 987 1904 amici
1011 1841 1136 1924 aperuit
1159 1843 1191 1903 et
1213 1839 1362 1902 nefanda

288 1965 366 2028 vitia
390 1987 454 2029 suae
479 1966 582 2029 aetatis
605 1966 775 2030 mulierum
790 1967 824 2030 in
839 1967 942 2030 lucem
958 1965 1125 2048 protraxit.
1160 1964 1230 2029 Hoc
1247 1966 1359 2048 poetae

288 2090 454 2156 consilium
477 2091 584 2170 fuisse,
608 2092 673 2154 iam
695 2092 729 2154 in
751 2091 908 2174 principio
932 2091 1039 2153 satirae
1051 2089 1233 2153 ‘manifestis
1244 2089 1359 2153 verbis

289 2215 466 2300 significari
488 2216 614 2280 videtur
637 2215 680 2298 (v.
705 2215 761 2298 25)

395 2384 573 2440 conventum
595 2385 695 2440 tamen
719 2385 748 2440 et
769 2384 892 2456 pactum
915 2383 945 2438 et
967 2380 1114 2455 sponsalia
1137 2381 1245 2437 nostro

396 2488 569 2566 tempestate
592 2491 698 2564 paras?

291 2662 323 2722 et
345 2659 462 2743 viginti
484 2660 627 2723 versibus
650 2659 734 2724 infra

396 2824 468 2899 quid
491 2824 571 2899 quod
595 2827 624 2883 et
647 2822 786 2905 antiquis
807 2844 884 2883 uxor
908 2825 943 2883 de
966 2819 1102 2882 locridas
1125 2824 1169 2882 illi

397 2930 553 3005 quaeritur.

288 3103 398 3168 Verba
419 3102 520 3187 igitur
542 3101 712 3167 Ribbeckii
736 3103 770 3184 (l.
794 3105 816 3168 l.
840 3125 872 3186 p.
897 3104 985 3185 148),
1009 3106 1184 3187 quaesunt:
1202 3121 1349 3165 namar-

287 3234 466 3313 pcmentum
490 3209 583 3291 totins
605 3231 713 3292 satirae
728 3250 790 3292 non
805 3231 841 3291 ia
857 3229 1075 3292 erramerandis
1090 3227 1349 3311 illustrandisque

399 3475 418 3544 ¹)
438 3477 482 3529 Ad
505 3477 746 3545 comprobandum,
770 3478 907 3546 quomodo
926 3476 1033 3545 laqueis
1052 3476 1074 3529 ii
1092 3475 1280 3544 implicentur,
1299 3475 1346 3542 qui

289 3565 468 3635 disciplinam
493 3565 660 3620 rhetoricam
683 3567 769 3620 etiam
794 3566 823 3619 in
842 3567 923 3621 rebus
941 3565 1052 3636 pusillis
1070 3565 1154 3619 nimis
1173 3565 1255 3620 anxie
1274 3563 1347 3618 tueri

289 3655 410 3718 student,
429 3657 495 3722 apte
520 3671 549 3708 ee
579 3654 691 3722 profert,
717 3673 779 3723 qnae
806 3674 851 3710 vv.
875 3656 926 3709 461
947 3673 1006 3723 sqq.
1025 3654 1164 3724 leguntur.
1201 3655 1288 3708 Poeta
1305 3652 1347 3705 ibi

288 3741 465 3813 reprehendit
491 3745 574 3795 taetra
600 3741 651 3795 illa
677 3743 864 3798 medicamina
891 3743 981 3808 faciei,
1008 3744 1109 3811 quibus
1132 3761 1180 3796 ora
1198 3742 1344 3796 mulierum

288 3833 347 3886 illis
372 3830 543 3900 temporibus
572 3831 687 3886 cottidie
712 3833 867 3887 tumebant.
904 3833 984 3886 Hunc
1007 3833 1100 3886 locum
1118 3822 1292 3886 Hermannus
1310 3829 1345 3884 ad

288 3921 402 3977 tertiam
420 3922 529 3990 partem
548 3937 603 3973 snae
623 3919 812 3989 dispositionis
830 3922 969 3990 pertinere
987 3921 1064 3974 dicit.
1092 3920 1262 3974 Ribbeehius
1275 3935 1346 3988 quae-

288 4010 334 4074 rit,
364 4027 412 4064 cur
436 4012 535 4074 cetera,
563 4025 624 4076 quae
650 4009 683 4063 de
707 4010 783 4063 cultu
802 4013 957 4078 ornatuque
974 4009 1123 4064 mulierum
1141 4011 1291 4062 narrantur
1309 4006 1344 4074 (v.

288 4099 341 4153 475
361 4095 430 4166 sqq.)
450 4095 479 4150 in
499 4101 628 4165 quartam
646 4101 755 4166 partem
773 4100 939 4169 relegentur.
977 4099 1061 4151 Plura
1080 4101 1145 4152 sunt
1163 4098 1298 4167 exempla.
