2916 4834
579 417 753 481 ,67-

53 651 55 654 .
125 595 200 660 lane
236 593 351 660 mulier
385 595 483 680 digna
513 597 564 675 sit,
588 617 685 678 quam
707 617 838 660 uxorem
862 596 967 660 ducat.
1014 595 1199 678 Respondet

124 725 233 805 poeta,
268 720 389 784 nullam
423 742 491 784 esse
526 721 569 802 (v.
603 720 691 803 162).
737 719 786 786 Sit
810 715 901 784 enim¹
918 721 984 800 illa,
1008 721 1122 804 inquit,
1146 722 1198 786 vel

125 847 258 930 optima,
294 846 336 910 sit
370 846 472 910 altera
506 845 652 910 Cornelia
685 846 858 911 virtutibus
887 868 949 911 non
972 847 1077 910 minus
1100 869 1198 930 quam

125 971 299 1055 triumphis
330 976 453 1048 omata,
483 975 592 1035 tamen
614 974 747 1054 propter
769 971 934 1035 fastidium
959 977 991 1035 et
1014 973 1199 1055 superbiam

125 1096 341 1160 intolerabilis
365 1117 434 1160 esse
457 1100 562 1180 potest
585 1088 754 1179 monetque
778 1095 893 1176 Niobe,
918 1119 958 1160 ne
983 1119 1054 1180 spes
1071 1100 1196 1161 nostras

125 1223 160 1287 in
183 1223 283 1286 nimia
299 1223 436 1286 fortunae
454 1222 649 1285 abundantia
665 1243 867 1305 reponamus,
902 1221 982 1286 Tam
999 1222 1072 1285 altis
1089 1241 1197 1286 exem-

125 1348 190 1432 plis
214 1347 335 1412 relictis
358 1349 454 1430 poeta
476 1346 509 1410 in
533 1348 661 1411 turbam
675 1346 861 1411 inferiorem
877 1369 985 1411 rursus
1002 1347 1197 1410 descendens

127 1473 209 1537 vitia
243 1472 414 1536 mulierum
448 1472 482 1535 in
517 1471 624 1536 album
655 1465 775 1534 referre
805 1471 924 1556 pergit.
971 1470 1112 1546 Quorum
1133 1493 1198 1535 non

125 1597 295 1660 minimum
318 1618 386 1660 esse
410 1597 489 1661 dicit
512 1596 652 1660 studium
675 1595 845 1660 ridiculum
869 1597 1031 1681 graecandi
1048 1596 1091 1678 (v.
1107 1597 1196 1680 185).

126 1722 255 1786 Debere
295 1743 372 1806 ergo
408 1721 546 1785 amicum
579 1721 781 1785 matrimonio
816 1723 987 1801 abstinere,
1028 1721 1090 1784 nisi
1125 1743 1197 1786 eam

24 1855 26 1858 '
127 1868 260 1914 uxorem
283 1846 371 1925 velit,
396 1867 467 1929 quae
491 1847 576 1910 inter
599 1844 713 1909 Furias
736 1847 934 1910 numeranda
957 1847 999 1909 sit
1022 1847 1074 1910 vel
1097 1847 1195 1910 mari·

126 1976 197 2034 tum
226 1970 315 2034 mille
345 1971 447 2034 modis
476 1971 619 2034 cruciare
643 1971 738 2053 plane
761 1971 939 2056 intellegat.
986 1970 1090 2035 Multa
1113 1992 1197 2053 prae-

126 2101 217 2159 terea
252 2117 319 2159 esse
356 2097 388 2158 et
417 2095 485 2158 fere
515 2096 763 2159 innumerabilia
786 2096 828 2159 ob
851 2117 975 2159 socrum
998 2095 1198 2159 incommoda

128 2220 172 2304 (v.
196 2220 285 2302 231),
309 2221 405 2284 immo
428 2220 501 2284 lites
524 2220 704 2305 iudiciaque
729 2241 947 2303 saepenumero
969 2219 1136 2284 imminere
1153 2220 1196 2301 (v.

129 2345 224 2428 242);
261 2345 460 2410 endromidas
490 2344 604 2429 Tyrias
636 2348 668 2408 et
691 2345 865 2409 femineum
888 2365 1014 2408 ceroma
1037 2345 1197 2408 neminem

127 2471 251 2534 nescire
285 2469 328 2552 (v.
360 2469 450 2551 246).
497 2468 587 2553 Saepe
612 2470 791 2552 zelotypam
815 2491 883 2533 esse
906 2468 1119 2553 maritumque
1144 2491 1197 2534 ac·

129 2616 240 2659 111111
274 2595 386 2672 111111,
422 2595 498 2658 dum
531 2595 603 2677 ipsa
636 2594 736 2658 inscio
770 2593 885 2658 marito
914 2593 948 2656 in
979 2591 1197 2677 complexibus

127 2720 226 2803 primi
251 2719 403 2802 cuiusque
427 2718 513 2783 servi
536 2719 640 2782 iaceat
663 2717 707 2800 (v.
733 2717 822 2800 270).

239 2841 308 2906 lam
331 2844 433 2907 amico
448 2846 575 2927 tempus
592 2865 659 2907 esse
671 2843 803 2907 'videtur
817 2841 1055 2925 interpellandi.
1095 2840 1197 2916 Quam

128 2969 179 3033 ob'
194 2990 262 3031 rem
287 2989 416 3031 causam
438 2970 537 3032 tantae
560 2969 698 3032 miseriae
715 2966 850 3050 requirit
866 2966 909 3049 (v.
927 2966 1015 3049 286).
1050 2966 1196 3049 Respon-

128 3092 184 3156 det
217 3095 312 3175 poeta
346 3091 551 3156 nobilissimis
584 3092 648 3157 illis
671 3091 826 3172 versibus,
851 3091 966 3175 quibus
990 3094 1093 3155 castos
1115 3090 1196 3154 mai-

128 3339 314 3424 strandique
339 3361 444 3433 causa,
469 3362 530 3424 quo
554 3340 695 3404 audaciae
719 3361 897 3425 progressae
914 3341 978 3403 sint
994 3340 1197 3420 recentiores,

128 3465 255 3550 flagitia
278 3465 402 3550 detegit
425 3464 603 3530 Tulliarum
632 3465 881 3547 Maurarumque
904 3463 957 3528 vel
980 3486 1099 3544 earum,
1124 3486 1195 3548 quae

128 3590 163 3653 in
186 3590 285 3674 orgiis
302 3589 400 3654 Bonae
421 3589 500 3654 Deae
524 3589 705 3654 incredibili
721 3611 846 3652 mormn
862 3588 1007 3652 foeditate
1024 3611 1086 3653 non
1102 3589 1196 3652 modo

127 3699 197 3779 sese
220 3736 333 3780 verum
356 3715 455 3778 etiam
485 3714 682 3781 caerimonias
713 3715 745 3777 11
775 3731 866 3778 sacra
889 3712 1019 3796 publica
1041 3713 1195 3796 polluant.

235 3813 369 3903 Frustra
392 3839 537 3902 custodes
561 3837 717 3917 adhiberi,
751 3837 840 3901 nulla
864 3859 932 3901 esse
955 3836 1196 3920 impedimenta,
1265 3915 1269 3926 ι

128 3965 296 4048 quominus
319 3985 400 4028 uxor
422 3963 507 4028 foras
531 3984 564 4026 se
598 3963 789 4046 praecipitet,
813 3965 849 4026 ut
873 3961 970 4025 animi
994 3961 1196 4044 corporisque

126 4089 266 4152 licentias
290 4088 469 4173 indulgeat.
506 4085 640 4151 Currere
664 4089 825 4150 matronas
842 4086 882 4150 ad
899 4083 1058 4149 eunuchos
1074 4084 1196 4166 molles,
