2854 4828
692 404 865 468 ..23-

245 581 280 642 ut
295 579 522 661 probabilitate
538 580 740 664 persuadeas,
770 580 872 656 Quam
883 581 943 646 11111
958 586 1118 646 assecutus
1130 583 1237 660 fueris,
1252 585 1314 667 qui

187 792 190 798 Ι
246 704 376 766 tandem
399 725 510 767 verum
535 727 553 767 a
576 708 607 767 te
631 705 794 768 inventum
812 728 879 769 esse
896 709 931 769 ut
947 708 1096 770 credatur
1111 709 1319 791 postulabis?

352 826 566 892 Ribbeckium
598 831 696 894 rerba
711 890 714 897 ,
729 831 795 904 illa,
818 853 888 914 quae
913 831 946 894 in
969 829 1047 894 Vita
1069 830 1118 895 IV
1140 833 1316 917 leguntur:

245 953 279 1016 in
314 953 423 1017 exsilio
447 953 614 1037 ampliavit
638 955 752 1018 satiras
776 959 808 1018 et
831 956 983 1038 pleraque
1008 957 1154 1034 mutavit,
1178 957 1316 1040 plurimi

246 1079 363 1156 facere,
386 1079 451 1142 iam
476 1079 538 1143 alio
561 1080 629 1143 loco
654 1080 938 1144 demonstravimus
957 1083 991 1162 ¹).
1038 1078 1100 1144 Sed
1123 1081 1237 1144 mirum
1262 1083 1318 1145 vi·

247 1203 347 1280 detur,
374 1203 589 1268 doctissimum
614 1205 715 1269 virum
736 1207 862 1268 tantam
884 1205 949 1268 vim
972 1205 1022 1268 his
1046 1204 1131 1269 Vitis
1154 1207 1314 1286 tribuere,

247 1348 318 1390 111111
353 1328 431 1392 fides
467 1351 575 1392 earum
611 1351 732 1392 summo
765 1331 832 1394 iure
856 1329 890 1392 in
914 1330 1044 1394 dubium
1067 1331 1167 1413 possit
1190 1332 1313 1395 vocari.

245 1449 331 1515 Nam
353 1456 471 1534 praeter
494 1453 583 1531 illud,
607 1455 691 1536 quod
713 1454 801 1516 iniis
818 1455 856 1517 de
873 1454 984 1518 exsilio
1001 1451 1161 1518 Iuvenalis
1177 1455 1315 1539 legitur,

245 1577 324 1640 nihil
349 1577 416 1640 fere
440 1576 570 1655 habent,
595 1579 678 1661 quod
702 1579 862 1642 mentione
887 1571 1019 1662 dig'num
1042 1581 1092 1658 sit,
1117 1584 1153 1644 ut
1177 1581 1214 1642 de
1237 1579 1312 1662 ipso

248 1689 368 1780 11111110,
385 1703 479 1786 quale
495 1703 528 1766 in
548 1703 587 1766 iis
604 1707 876 1775 commemoretur,
893 1704 1013 1767 sileam.
1049 1702 1126 1767 Vita
1142 1702 1158 1767 Ι
1175 1703 1315 1768 luvena-

137 1830 139 1832 ’
191 1859 194 1864 ·
245 1828 309 1891 lem
343 1829 376 1890 in
387 1810 402 1847 ⁹·
411 1826 596 1912 Aegyptum
631 1828 695 1891 iam
730 1829 892 1912 octoginta
921 1851 1017 1893 annos
1050 1833 1161 1892 natum
1184 1829 1312 1892 venisse

246 1953 421 2016 confirmat.
457 1951 599 2034 Scriptor
615 1951 700 2016 Vitae
717 1950 764 2016 IV
781 1953 819 2016 de
837 1954 948 2018 exsilio
964 1954 1130 2038 Aegyptio
1146 1955 1312 2018 memoriae

246 2077 362 2160 prodit,
386 2080 549 2158 tamquam
573 2077 599 2139 si
623 2076 806 2141 Domitiano
828 2078 1006 2160 imperante
1030 2077 1090 2141 hoc
1114 2078 1235 2143 factum
1256 2078 1312 2141 sit.

244 2199 283 2265 In
306 2201 383 2266 Vita
406 2201 437 2266 V
461 2205 518 2279 est,
542 2205 669 2283 poetam
693 2225 756 2278 non
780 2203 813 2266 in
838 2197 1024 2286 Aegyptum
1047 2203 1102 2266 sed
1125 2203 1159 2266 in
1179 2201 1313 2266 Britan-

245 2329 331 2392 niam
356 2328 488 2392 venisse.
536 2325 598 2390 Sed
621 2327 691 2391 haec
715 2331 951 2410 praetereamus,
976 2349 1077 2410 neque
1107 2327 1313 2392 1111111111-

245 2476 315 2518 rum
351 2453 522 2518 auctoritas
557 2457 647 2516 tanta
683 2456 740 2531 est,
775 2457 811 2516 ut
846 2475 885 2515 11
918 2447 967 2515 iis'
993 2452 1113 2536 aliquid
1140 2475 1198 2536 pro
1224 2457 1312 2516 certo

245 2581 384 2641 statuere
418 2578 523 2642 liceat.
571 2577 620 2641 Ea
654 2599 738 2654 vere,
770 2599 840 2660 quae
865 2578 960 2650 iniis
984 2582 1164 2656 narrantur,
1190 2578 1312 2642 maiore

245 2726 284 2768 ex
319 2707 409 2786 parte
446 2725 484 2767 ex
519 2697 597 2785 ipsis
625 2703 730 2766 satiris
754 2702 876 2766 hauriri
899 2703 1049 2785 potuisse,
1074 2703 1156 2786 quod
1180 2707 1314 2767 monent

245 2832 277 2892 et
311 2826 459 2892 Weiseus
496 2831 527 2892 11
561 2828 616 2911 qui
652 2831 724 2891 ante
760 2849 832 2890 eum
856 2827 1060 2910 scripserunt,
1085 2827 1252 2910 Kempfius
1278 2831 1313 2890 et

153 3037 155 3044 ‚
245 2952 419 3031 StrackiuS,
443 2975 504 3016 non
528 2952 622 3016 facile
647 2953 865 3016 concesserim.

350 3077 575 3142 Differentiam
610 3077 719 3160 igitur,
755 3099 825 3158 quae
862 3079 911 3138 est
941 3077 1025 3140 inter
1048 3077 1170 3159 priores
1194 3078 1313 3142 satiras

245 3206 277 3266 et
312 3203 514 3285 posteriores,
549 3223 612 3274 non
643 3223 714 3264 cum
737 3200 917 3266 Ribbeckio
940 3202 986 3266 ita
1010 3201 1172 3284 explicare
1197 3223 1313 3284 possu-

244 3348 325 3406 mus,
360 3331 395 3390 ut
425 3328 463 3390 de
488 3327 608 3391 duobus
632 3326 840 3408 scriptoribus
864 3326 1050 3410 cogitemus.
1097 3324 1173 3400 Quae
1200 3326 1312 3390 attulit

244 3451 473 3515 Friedlaender
488 3451 524 3528 ²),
561 3473 598 3514 ea
633 3473 673 3514 11
705 3451 812 3534 aliqua
846 3455 937 3533 parte
973 3451 1143 3534 approbari
1166 3456 1312 3534 possunt,

244 3599 306 3641 non
334 3578 442 3640 tamen
467 3575 624 3639 exomni.
671 3573 702 3637 Is
726 3579 845 3654 censet,
869 3572 1053 3640 Iuvenalem
1077 3598 1117 3662 1.Ι
1131 3577 1171 3639 67
1197 3579 1312 3639 natum

245 3723 312 3764 esse
337 3696 439 3777 (XIII.
466 3700 505 3763 17
531 3722 594 3765 non
617 3699 783 3765 Calvinum
807 3700 863 3764 sed
879 3696 1063 3763 iuvenalem
1079 3700 1194 3776 notari)
1212 3702 1314 3784 atque

243 3843 456 3852 -u——u--u

354 3913 373 3980 ¹)
393 3915 418 3968 J.
438 3913 559 3968 Granius
578 3913 597 3966 l.
616 3913 635 3966 l.
654 3931 681 3981 p.
703 3913 726 3966 3.

352 4001 372 4070 ¹)
393 4003 421 4056 L.
451 4003 653 4056 Farannlunaa:
682 4001 898 4071 Darstellungen
927 4019 951 4056 a.
972 4001 998 4055 d.
1018 4001 1203 4070 Sitteugesch.
1223 4001 1315 4058 Roms

243 4089 297 4146 111⁶
315 4111 362 4162 pp.
380 4093 433 4147 458
452 4110 512 4162 sqq.
