2916 4834
573 433 746 496 ..21-

126 634 195 678 esse
230 613 385 691 videmur,
421 611 506 675 domi
539 610 670 695 pessimi
704 633 821 675 sumus
875 608 988 694 Itaque
1017 610 1190 696 legendum

126 759 194 802 esse
218 741 311 822 puto:

339 887 409 947 11111.
456 887 525 946 Heu
547 887 646 946 miseri
668 887 856 946 traducimur
880 890 934 945 cet.

128 1039 218 1121 Sunt,
243 1041 357 1125 quibus
380 1042 507 1125 placeat
529 1041 599 1106 haec
622 1041 731 1107 lectio:

340 1208 421 1280 111111,
446 1210 514 1279 heu,
538 1209 638 1268 miseri
660 1209 847 1268 traducimur
871 1211 927 1268 cet.

127 1359 189 1426 Sed
224 1362 279 1446 qui
313 1363 359 1426 ita
392 1363 506 1448 legunt
536 1363 726 1428 sententiam
756 1385 847 1427 suam
870 1363 947 1427 satis
970 1363 1070 1426 firmis
1094 1384 1191 1448 argu·

126 1488 243 1551 mentis
277 1489 361 1552 tueri
395 1510 458 1552 non
491 1491 632 1572 possunt.
678 1488 822 1552 Primum
850 1489 935 1552 enim
963 1487 1092 1551 illiciis
1117 1487 1191 1551 addi

128 1611 233 1691 debet,
267 1635 338 1697 quae
372 1614 568 1696 praecedunt,
599 1616 634 1676 ut
656 1613 802 1692 sciamus,
827 1613 957 1678 ubinam
979 1600 1036 1676 iila
1059 1613 1190 1696 sulpura

127 1739 188 1801 cet.
213 1737 446 1816 desiderantum
471 1738 595 1818 deinde,
619 1739 647 1802 si
669 1737 876 1804 hortantum
900 1739 1025 1816 dicitur,
1049 1759 1105 1801 nos
1121 1739 1192 1820 post

126 1864 261 1926 mortem
286 1863 325 1925 ad
348 1862 467 1926 inferos
490 1863 663 1941 transduci,
687 1863 770 1926 male
794 1864 949 1927 transitur
972 1863 1012 1926 ad
1035 1863 1191 1959 posterio-

127 2007 196 2050 rem
226 1989 431 2052 sententiam:
469 2011 558 2052 arma
586 1988 716 2072 quidem
738 1988 832 2052 ultra.
851 1987 876 2071 ¹)
922 1986 1011 2063 Quod
1035 1987 1080 2050 111
1103 1987 1191 2050 Kiae-

127 2111 193 2174 rius
217 2111 252 2194 (l.
268 2112 289 2176 1.
305 2135 337 2196 p.
356 2110 411 2194 16)
434 2115 507 2195 post
529 2114 703 2196 spondeum
727 2114 822 2195 primi
845 2135 954 2178 versus
970 2113 1060 2196 pedis
1069 2115 1191 2195 puncto
1271 2143 1272 2150 ¹

129 2235 228 2300 incidi
261 2237 369 2322 legem
399 2236 579 2324 hexametri
601 2239 655 2302 vix
679 2238 792 2317 sinere,
816 2241 888 2321 post
911 2237 1071 2322 dactylum
1093 2235 1191 2300 incidi

127 2359 419 2443 frequentissimum
455 2384 533 2442 esse,
568 2385 630 2426 non
666 2363 816 2426 audemus
846 2384 917 2426 cum
948 2385 985 2426 1ο
1009 2363 1047 2426 de
1071 2362 1133 2426 hac
1155 2384 1190 2426 re

129 2484 301 2568 disputare,
325 2487 381 2550 sed
404 2487 472 2550 sine
497 2487 592 2551 dubio
607 2508 789 2571 repugnare
807 2509 845 2550 ea
859 2486 1017 2567 ridentur,
1034 2510 1105 2571 quae
1117 2485 1190 2555 XV.

130 2612 195 2674 122
219 2610 382 2695 leguntur:

168 2792 170 2798 ·
236 2777 359 2835 audere?
383 2797 458 2835 anne
482 2777 580 2848 aliam,
605 2779 685 2836 terra
708 2777 901 2853 Memphitide
924 2778 1009 2844 sicca.
1027 2771 1053 2854 2)

127 2930 222 2994 Alter
244 2931 341 3010 locus,
358 2931 403 2995 'de
427 2953 491 3014 quo
512 2932 603 2996 nobis
627 2884 796 2996 dicendum
811 2935 869 3011 est,
885 2932 1047 2996 invenitur
1062 2954 1092 2997 v.
1112 2932 1190 3010 163;

128 3077 231 3139 neque
256 3056 391 3120 animis
415 3056 456 3120 ab
480 3056 654 3120 editoribus
677 3059 763 3120 recte
788 3056 986 3139 explanatur.
1034 3054 1116 3131 Quid
1128 3055 1191 3121 sibi

128 3181 197 3245 vult
219 3180 299 3244 illud
322 3188 434 3264 tamen,
459 3179 543 3265 quod
566 3183 752 3263 sequentem
775 3181 966 3245 sententiam
982 3203 1054 3245 cum
1069 3203 1191 3265 praece-

129 3305 218 3368 denti
245 3305 430 3390 coniungit?
475 3305 545 3368 Mos
574 3307 623 3369 est
646 3302 816 3386 Iuvenalis,
840 3307 896 3370 ubi
919 3307 1017 3370 verba
1040 3313 1067 3370 et
1089 3314 1192 3370 ramea

129 3430 269 3508 adhibet,
302 3429 421 3513 aliquid
443 3430 539 3513 plane
564 3431 758 3494 contrarium
781 3430 942 3510 inducere,
966 3434 1002 3494 ut
1025 3427 1086 3496 ΠΙ.
1111 3431 1190 3496 208:

129 3557 161 3617 et
182 3558 291 3618 tamen
315 3553 473 3638 (quamvis
496 3555 543 3618 nil
565 3554 712 3638 haberet)
728 3559 832 3619 totum
847 3556 926 3620 illud
943 3555 1191 3641 nihilperdidit3

128 3675 203 3742 VH.
231 3679 308 3743 135:
339 3682 371 3742 et
393 3681 501 3743 tamen
525 3678 682 3763 (quamvis
706 3680 899 3745 causidicum
922 3664 1097 3764 pauperem
1119 3684 1192 3746 red·

128 3803 342 3813 -ι--κ--ι-

238 3855 258 3923 ¹)
278 3856 311 3910 In
340 3855 399 3910 cod.
423 3857 546 3925 Montep.
573 3857 743 3925 1111111111
764 3857 891 3912 omnibus
913 3858 1096 3913 deterioribus
1118 3861 1191 3912 illuc.

238 3942 258 4012 ¹)
280 3945 327 3999 011·
348 3945 431 4014 Verg.
456 3946 517 3999 AEn.
542 3944 589 4000 IV.
617 3946 681 4000 543:
709 3946 776 4014 quid
800 3946 878 4000 tum?
906 3947 979 4001 Sola.
1003 3947 1192 4002 1115621111-

127 4034 224 4089 mens?
249 4033 287 4088 ib.
306 4034 339 4088 V.
361 4035 418 4097 195,
444 4034 491 4088 VI.
511 4034 571 4088 590.
609 4035 747 4090 Praeterea
764 4053 799 4089 ne
818 4035 978 4105 Madvigius
997 4036 1110 4105 quidem
1127 4039 1193 4106 post

127 4122 190 4177 illic
208 4123 330 4178 incidere
349 4122 500 4178 dubitavit
