2916 4834
574 396 747 460 „57-

122 596 177 640 vv,
202 565 376 639 rac-145
401 574 632 658 complectitur,
656 575 713 638 sed
735 572 804 638 haec
829 598 847 638 a
870 573 960 638 nobis
984 567 1107 638 iuiu'ste·
1125 573 1190 638 lor·

122 702 210 762 tasse
234 699 383 782 abruptio
406 699 597 778 nominatur,
621 721 692 783 quae
716 721 909 783 quamquam
933 679 1053 762 animos
1070 721 1189 779 eorum,

122 824 180 907 qui
214 824 336 909 legunt,
368 825 502 907 abipsa
526 845 604 887 cena
628 827 749 904 avocat,
772 826 881 888 tamen
904 845 976 888 cum
999 825 1191 889 senteutiam

120 948 244 1013 habeat
266 949 460 1034 generalem,
484 949 632 1013 transitio
663 950 703 1012 ad
726 951 912 1033 sequentem
935 949 1040 1013 satirae
1064 952 1191 1033 partem

121 1074 231 1158 potius
255 1078 303 1137 est
325 1074 529 1137 nominanda.

230 1194 305 1282 Ipsa
339 1197 440 1282 igitur
474 1198 596 1262 fercula
619 1220 705 1262 cenae
730 1219 814 1262 nunc
838 1201 1073 1264 enumerantur.
1121 1197 1190 1274 Qua
1293 1259 1297 1268 ,

120 1323 158 1386 in
192 1344 226 1386 re
261 1325 356 1405 poeta
391 1325 513 1386 eertum
547 1323 690 1387 ordinem
720 1323 813 1387 anxie
837 1326 961 1400 tuetur3
985 1323 1093 1406 itaque
1117 1326 1191 1406 post

120 1415 280 1511 ferculum
313 1446 444 1513 Virroni
479 1448 659 1532 appositum
700 1471 826 1532 semper
859 1449 893 1512 id
928 1449 1080 1533 sequitur,
1105 1448 1189 1532 quod

119 1573 264 1656 parasito
288 1573 390 1636 datur.
437 1553 498 1636 Sed
521 1573 659 1656 optimus
682 1574 816 1658 quisque
840 1575 916 1638 ordo
931 1573 1101 1658 languidus
1119 1595 1186 1636 esse

119 1700 238 1780 potest,
275 1701 307 1760 et
341 1698 442 1762 oratio
476 1698 538 1761 nisi
572 1698 723 1777 varietur,
748 1698 833 1762 ocius
857 1699 997 1762 seriusve
1021 1698 1190 1762 flaccescat

31 1851 33 1854 ·
118 1842 252 1885 necesse
277 1822 348 1885 erit.
390 1820 472 1897 Quid
496 1844 573 1907 ergo
596 1823 701 1905 potius
725 1826 954 1906 exspectemus,
978 1845 1074 1906 quam
1097 1822 1187 1885 illam

118 1945 334 2010 variationem
358 1949 475 2029 aptam,
500 1967 571 2030 quae
594 1969 645 2012 rr.
671 1947 845 2012 lor-113
870 1947 1070 2012 continetur?

231 2069 428 2135 Ribbechius
443 2074 571 2154 poetam
586 2070 801 2155 reprehendit,
818 2073 902 2155 quod
917 2075 990 2155 post
1005 2071 1063 2136 hos
1073 2093 1189 2136 uersus

120 2199 259 2278 uterque
295 2196 427 2260 conviva
455 2197 496 2260 ad
519 2217 629 2260 cenam
652 2197 772 2275 redeat,
796 2200 959 2280 tamquam
982 2197 1008 2260 si
1031 2196 1113 2260 nihil
1136 2218 1189 2260 ac·

123 2319 250 2384 ciderit.
297 2319 342 2383 At
375 2321 409 2384 in
441 2324 500 2386 sat.
525 2319 562 2400 1,
586 2321 642 2386 ubi
664 2322 753 2385 varia
776 2321 940 2389 hominum
963 2322 1189 2388 sceleratorum

121 2467 247 2530 genera
270 2449 505 2526 enumerantur,
528 2451 623 2530 poeta
646 2469 708 2525 non
732 2446 985 2530 reprehenditur,
1010 2449 1094 2530 quod
1116 2450 1189 2530 post

118 2571 318 2634 mentionem
341 2571 512 2656 signaturis
535 2572 719 2658 testamenti
743 2572 785 2654 (v.
811 2574 852 2636 67
876 2573 960 2656 sqq.)
984 2573 1188 2637 sermocinari

118 2695 258 2778 incipiat
291 2696 330 2759 de
366 2695 489 2779 Gyaris,
525 2696 563 2759 de
597 2697 767 2779 probitate,
801 2698 838 2762 de
874 2719 979 2781 capro,
1011 2699 1123 2763 deinde
1148 2699 1188 2764 ad

118 2839 221 2882 nurus
257 2823 472 2904 corruptorem
506 2819 549 2902 (r.
580 2820 635 2904 77)
659 2824 847 2901 revertatur,
870 2827 1034 2906 tamquam
1057 2825 1083 2887 si
1106 2825 1188 2889 nihil

120 2945 286 3010 acciderit.
309 2945 333 3029 ¹)
379 2945 501 3010 Eodem
535 2947 628 3010 modo
662 2951 759 3030 poeta
792 2949 985 3012 mentionem
1018 2949 1188 3014 mulierum

119 3070 357 3134 luxuriosarum
380 3093 442 3134 uno
464 3070 534 3135 loco
557 3069 628 3154 (VI.
642 3071 719 3155 346)
744 3073 914 3156 abrumpit,
938 3073 994 3156 qui
1016 3073 1121 3155 huiuS,
1146 3076 1185 3140 de

119 3217 186 3278 quo
208 3216 291 3258 nunc
316 3195 432 3280 agitur,
456 3195 635 3260 simillimus
659 3199 707 3261 est

223 3388 227 3393 “
283 3378 371 3438 audio
396 3379 468 3454 quid
490 3383 604 3439 veteres
629 3381 699 3440 olim
721 3382 864 3440 moneatis
889 3385 944 3440 oet.
1057 3401 1058 3404 ’

233 3690 253 3760 ¹)
273 3693 338 3748 Haec
357 3696 401 3748 est
418 3691 492 3748 enim
512 3692 658 3762 dispositio
676 3711 805 3748 versuum
823 3695 898 3764 apud
916 3695 948 3748 a.
961 3694 1020 3750 Alii
1029 3713 1183 3751 sermonem

121 3781 157 3836 de
176 3780 275 3849 Gyaris
295 3784 346 3836 eet.
365 3785 429 3851 post
447 3782 617 3837 mentionem
635 3786 770 3836 matronae
788 3787 904 3852 ponunt.
940 3785 1095 3853 Utrumque
1113 3784 1186 3838 nihil

121 3869 159 3924 ad
177 3887 249 3934 rem;
269 3874 354 3940 caput
373 3873 423 3936 est,
443 3870 518 3939 quod
537 3871 603 3925 ordo
622 3870 652 3924 in
665 3871 807 3926 sceleratis
820 3871 979 3926 hominibus
992 3872 1185 3928 enumerandis

121 3957 270 4012 institutus
290 3959 383 4013 subito
402 3959 586 4028 abrumpitur.
