2916 4834
710 399 883 468 „58-

137 592 138 596 ’
263 579 344 645 Post
375 603 431 645 sex
466 567 646 646 interiectos
676 603 786 646 versus
816 583 975 670 sermogin
998 582 1133 646 feminas
1156 583 1338 666 probrosas

262 729 372 771 rursus
395 707 508 770 incidit
531 706 573 789 (v.
598 705 687 790 352).

370 830 511 896 Ultimus
533 851 643 896 versus
668 833 746 898 113:

393 1019 466 1088 esto,
489 1020 526 1075 ut
548 1036 627 1076 nnnc
650 1017 748 1087 multi,
772 1017 852 1076 dives
876 1017 940 1088 tibi,
965 1036 1079 1092 pauper
1103 1017 1203 1076 amicis

264 1189 384 1273 optime
409 1190 585 1273 comparari
607 1144 717 1272 potest
738 1211 809 1253 cum
831 1187 907 1254 XII.
932 1190 995 1255 130

861 1392 1012 1451 montibus
1036 1412 1143 1450 auram
1213 1405 1220 1416 ·

354 1501 497 1574 exaeqnet‚
523 1517 576 1557 nec
599 1501 679 1556 amet
701 1518 882 1574 quemquam
905 1517 958 1557 nec
982 1502 1098 1557 ametur
1122 1499 1158 1556 ab
1181 1499 1254 1557 ullo.

264 1687 317 1752 Ad
341 1692 450 1772 aptam
472 1688 693 1754 transitionem
716 1689 962 1771 comparandam
979 1689 1019 1752 ad
1034 1691 1226 1771 postremam
1240 1709 1333 1754 cenae

268 1817 403 1898 partem,
427 1815 772 1894 mensamsecundam,
802 1817 896 1896 poeta
917 1836 969 1878 vv.
994 1814 1057 1877 130
1081 1835 1150 1897 sqq.
1174 1813 1272 1892 addit,
1296 1813 1333 1876 in

266 1939 380 2022 quibus
417 1938 454 2001 de
489 1939 521 2002 vi
551 1942 583 2002 et
605 1938 744 2026 utilitate
769 1938 953 2002 divitiarum
976 1937 1155 2022 generatim
1177 1937 1331 2020 loquitur.

265 2061 343 2127 Post
377 2063 434 2127 hos
469 2085 578 2127 versus
608 2085 664 2128 suo
687 2063 756 2127 iure
780 2085 922 2127 mensam
945 2063 1117 2126 secundam
1138 2061 1246 2126 statim
1268 2061 1331 2126 hoc

266 2189 358 2252 modo
381 2209 626 2252 commemorare
650 2191 756 2271 potest
779 2186 822 2270 (r.
847 2187 924 2271 146)

522 2390 630 2449 vilibus
654 2389 795 2464 ancipites
818 2389 904 2467 fungi
927 2394 983 2448 cet.

266 2581 346 2646 Haec
376 2602 451 2664 pars
483 2579 547 2662 (vv.
573 2578 761 2661 lto-155)
784 2580 866 2644 nihil
888 2577 996 2658 habet,
1020 2581 1103 2663 quod
1127 2579 1329 2642 animadver-

266 2706 354 2770 sione
379 2705 511 2790 dignum
535 2705 587 2769 sit.

376 2829 533 2916 Epilogus
567 2830 631 2913 (vv,
667 2828 855 2911 156-173)
893 2829 1011 2913 optime
1045 2828 1236 2912 compositus
1271 2830 1329 2891 est.

266 2953 416 3019 Forsitan
449 2958 486 3019 tu
520 2956 639 3035 credas,
673 2954 781 3037 inquit
809 2957 915 3039 poeta,
938 2953 1109 3018 Virronem
1131 2951 1201 3017 haec
1224 2952 1331 3017 omnia

266 3079 383 3159 facere,
408 3083 443 3143 ut
465 3079 609 3164 pecuniis
631 3081 763 3162 parcat?
809 3078 956 3143 Minime:
981 3078 1085 3143 omnia
1108 3079 1199 3157 fiunt,
1221 3079 1257 3140 ut
1272 3097 1330 3160 per

267 3205 415 3270 lacrimas
439 3205 537 3269 bilem
560 3171 721 3268 effundere
745 3203 880 3289 cogaris.
913 3201 1012 3268 'Nam
1033 3201 1130 3268 Virro
1152 3205 1184 3266 te
1200 3221 1329 3286 prorsus

267 3333 471 3415 perspectum
494 3332 526 3392 et
549 3330 714 3415 cognitum
736 3329 848 3393 habet:
872 3330 904 3392 te
928 3327 988 3392 scit
1010 3328 1121 3392 nidore
1138 3327 1251 3391 culinae
1264 3347 1329 3390 suae

269 3477 337 3520 esse
361 3457 499 3537 captum,
522 3475 581 3518 nec
603 3453 687 3518 male
711 3453 878 3532 coniectat,
902 3475 977 3516 nam
1000 3451 1027 3516 si
1050 3452 1138 3516 dives
1162 3473 1246 3516 esses
1269 3451 1329 3514 hoc

268 3602 332 3644 non
354 3579 520 3663 patereris,
566 3578 609 3643 Et
632 3579 781 3662 quoniam
804 3577 965 3662 intellegit
988 3599 1078 3661 spem
1098 3577 1179 3640 bene
1197 3573 1330 3640 cenandi

267 3707 301 3767 te
325 3704 471 3787 decipere
495 3702 579 3787 (quae
603 3725 674 3787 spes
698 3703 801 3786 qualis
824 3703 876 3782 sit,
891 3725 942 3768 vv.
961 3702 1112 3765 166-68
1129 3700 1329 3766 cavillatione

268 3828 494 3892 iucundissima
524 3827 712 3911 ostenditur)
740 3827 883 3913 profecto
907 3850 969 3891 non
992 3827 1095 3910 parcit
1118 3825 1328 3892 contumeliis.

268 3949 328 4016 Ille
352 3953 446 4036 sapit,
471 3954 526 4036 qui
548 3959 580 4018 te
604 3954 649 4017 sic
672 3954 785 4018 utitur:
810 3953 916 4017 omnia
931 3952 1014 4016 ferre
1031 3951 1059 4015 si
1075 3954 1176 4036 potes,
1191 3955 1222 4016 et
1235 3952 1330 4014 debes

269 4112 311 4122 -
335 4076 385 4140 his
409 4079 511 4162 epulis
535 4082 567 4142 et
588 4079 647 4143 tali
671 4077 786 4163 dignus
810 4078 920 4142 amico.
