<?xml version="1.0" encoding="UTF-8"?>
<!DOCTYPE html PUBLIC "-//W3C//DTD XHTML 1.0 Transitional//EN"
    "http://www.w3.org/TR/xhtml1/DTD/xhtml1-transitional.dtd">
<html xmlns="http://www.w3.org/1999/xhtml" xml:lang="en" lang="en">
 <head>
  <title>
</title>
<meta http-equiv="Content-Type" content="text/html;charset=utf-8" />
  <meta name='ocr-system' content='tesseract 3.04.00' />
  <meta name='ocr-capabilities' content='ocr_page ocr_carea ocr_par ocr_line ocrx_word'/>
</head>
<body>
  <div class='ocr_page' id='page_1' title='image "./deargumentidisp00grylgoog_0158.png"; bbox 0 0 2854 4828; ppageno 0'>
   <div class='ocr_carea' id='block_1_1' title="bbox 559 394 732 456">
    <p class='ocr_par' dir='ltr' id='par_1_1' title="bbox 559 394 732 456">
     <span class='ocr_line' id='line_1_1' title="bbox 559 394 732 456; baseline -0.012 -18"><span class='ocrx_word' id='word_1_1' title='bbox 559 394 666 456; x_wconf 41' lang='lat'>„3¹9</span> <span class='ocrx_word' id='word_1_2' title='bbox 693 429 732 436; x_wconf 87' lang='grc'>..</span> 
     </span>
    </p>
   </div>
   <div class='ocr_carea' id='block_1_2' title="bbox 241 576 1039 760">
    <p class='ocr_par' dir='ltr' id='par_1_2' title="bbox 241 576 1039 760">
     <span class='ocr_line' id='line_1_2' title="bbox 242 576 1039 653; baseline 0 -18"><span class='ocrx_word' id='word_1_3' title='bbox 242 597 313 653; x_wconf 84' lang='lat' dir='ltr'>ergo</span> <span class='ocrx_word' id='word_1_4' title='bbox 336 596 521 652; x_wconf 79' lang='lat' dir='ltr'>supervacua</span> <span class='ocrx_word' id='word_1_5' title='bbox 545 580 598 634; x_wconf 82' lang='lat' dir='ltr'>eut</span> <span class='ocrx_word' id='word_1_6' title='bbox 620 578 667 635; x_wconf 85' lang='lat' dir='ltr'>vel</span> <span class='ocrx_word' id='word_1_7' title='bbox 691 576 854 652; x_wconf 84' lang='lat' dir='ltr'>perniciosa</span> <span class='ocrx_word' id='word_1_8' title='bbox 878 580 1039 651; x_wconf 89' lang='lat' dir='ltr'>petuntur:</span> 
     </span>
     <span class='ocr_line' id='line_1_3' title="bbox 241 685 1021 760; baseline 0 -17"><span class='ocrx_word' id='word_1_9' title='bbox 241 688 363 760; x_wconf 86' lang='lat' dir='ltr'>propter</span> <span class='ocrx_word' id='word_1_10' title='bbox 387 703 453 759; x_wconf 84' lang='lat' dir='ltr'>quae</span> <span class='ocrx_word' id='word_1_11' title='bbox 477 685 521 742; x_wconf 80' lang='lat' dir='ltr'>fas</span> <span class='ocrx_word' id='word_1_12' title='bbox 546 689 590 742; x_wconf 87' lang='lat' dir='ltr'>est</span> <span class='ocrx_word' id='word_1_13' title='bbox 613 703 710 760; x_wconf 86' lang='lat' dir='ltr'>genua</span> <span class='ocrx_word' id='word_1_14' title='bbox 734 685 864 742; x_wconf 82' lang='lat' dir='ltr'>incerote</span> <span class='ocrx_word' id='word_1_15' title='bbox 889 685 1021 743; x_wconf 85' lang='lat' dir='ltr'>deorum.</span> 
     </span>
    </p>
   </div>
   <div class='ocr_carea' id='block_1_3' title="bbox 95 845 1174 931">
    <p class='ocr_par' dir='ltr' id='par_1_3' title="bbox 95 845 1174 931">
     <span class='ocr_line' id='line_1_4' title="bbox 95 845 1174 931; baseline -0.002 -19"><span class='ocrx_word' id='word_1_16' title='bbox 95 849 158 912; x_wconf 84' lang='lat' dir='ltr'>Ea</span> <span class='ocrx_word' id='word_1_17' title='bbox 196 849 375 912; x_wconf 73' lang='lat' dir='ltr'>emendatio</span> <span class='ocrx_word' id='word_1_18' title='bbox 410 849 471 911; x_wconf 83' lang='lat' dir='ltr'>iem</span> <span class='ocrx_word' id='word_1_19' title='bbox 509 871 527 910; x_wconf 85' lang='lat' dir='ltr'>a</span> <span class='ocrx_word' id='word_1_20' title='bbox 554 845 667 931; x_wconf 82' lang='lat' dir='ltr'>Iongio</span> <span class='ocrx_word' id='word_1_21' title='bbox 690 847 829 911; x_wconf 83' lang='lat' dir='ltr'>refutata</span> <span class='ocrx_word' id='word_1_22' title='bbox 853 853 901 910; x_wconf 92' lang='lat' dir='ltr'>est</span> <span class='ocrx_word' id='word_1_23' title='bbox 919 848 953 930; x_wconf 77' lang='lat'>¹),</span> <span class='ocrx_word' id='word_1_24' title='bbox 978 848 1032 930; x_wconf 90' lang='lat' dir='ltr'>qui</span> <span class='ocrx_word' id='word_1_25' title='bbox 1056 850 1174 925; x_wconf 87' lang='lat' dir='ltr'>censet,</span> 
     </span>
    </p>
   </div>
   <div class='ocr_carea' id='block_1_4' title="bbox 96 973 1176 1560">
    <p class='ocr_par' dir='ltr' id='par_1_4' title="bbox 96 973 1176 1560">
     <span class='ocr_line' id='line_1_5' title="bbox 97 973 1175 1055; baseline -0.002 -19"><span class='ocrx_word' id='word_1_26' title='bbox 97 973 296 1042; x_wconf 81' lang='lat' dir='ltr'>Iuvenalem</span> <span class='ocrx_word' id='word_1_27' title='bbox 319 995 382 1037; x_wconf 92' lang='lat' dir='ltr'>non</span> <span class='ocrx_word' id='word_1_28' title='bbox 404 973 464 1036; x_wconf 89' lang='lat' dir='ltr'>hoc</span> <span class='ocrx_word' id='word_1_29' title='bbox 487 973 555 1037; x_wconf 91' lang='lat' dir='ltr'>loco</span> <span class='ocrx_word' id='word_1_30' title='bbox 579 973 634 1036; x_wconf 87' lang='lat' dir='ltr'>sed</span> <span class='ocrx_word' id='word_1_31' title='bbox 657 973 691 1036; x_wconf 88' lang='lat' dir='ltr'>in</span> <span class='ocrx_word' id='word_1_32' title='bbox 714 973 776 1047; x_wconf 84' lang='lat' dir='ltr'>fine</span> <span class='ocrx_word' id='word_1_33' title='bbox 801 973 907 1035; x_wconf 81' lang='lat' dir='ltr'>satirae</span> <span class='ocrx_word' id='word_1_34' title='bbox 931 973 1074 1052; x_wconf 84' lang='lat' dir='ltr'>suadere,</span> <span class='ocrx_word' id='word_1_35' title='bbox 1099 973 1175 1055; x_wconf 90' lang='lat' dir='ltr'>quid</span> 
     </span>
     <span class='ocr_line' id='line_1_6' title="bbox 96 1096 1174 1190; baseline -0.001 -29"><span class='ocrx_word' id='word_1_36' title='bbox 96 1098 299 1162; x_wconf 82' lang='lat' dir='ltr'>hominibus</span> <span class='ocrx_word' id='word_1_37' title='bbox 323 1098 536 1181; x_wconf 84' lang='lat' dir='ltr'>exoptandum</span> <span class='ocrx_word' id='word_1_38' title='bbox 562 1097 613 1160; x_wconf 89' lang='lat' dir='ltr'>sit.</span> <span class='ocrx_word' id='word_1_39' title='bbox 660 1096 760 1160; x_wconf 87' lang='lat' dir='ltr'>Recte</span> <span class='ocrx_word' id='word_1_40' title='bbox 784 1096 838 1160; x_wconf 90' lang='lat' dir='ltr'>ille</span> <span class='ocrx_word' id='word_1_41' title='bbox 862 1098 1001 1181; x_wconf 79' lang='lat' dir='ltr'>quidem,</span> <span class='ocrx_word' id='word_1_42' title='bbox 1025 1098 1080 1190; x_wconf 79' lang='lat' dir='ltr'>sed</span> <span class='ocrx_word' id='word_1_43' title='bbox 1104 1119 1174 1161; x_wconf 91' lang='lat' dir='ltr'>cum</span> 
     </span>
     <span class='ocr_line' id='line_1_7' title="bbox 99 1222 1175 1306; baseline -0.001 -19"><span class='ocrx_word' id='word_1_44' title='bbox 99 1248 135 1288; x_wconf 85' lang='lat' dir='ltr'>v.</span> <span class='ocrx_word' id='word_1_45' title='bbox 180 1225 232 1300; x_wconf 76' lang='lat'>55,</span> <span class='ocrx_word' id='word_1_46' title='bbox 268 1224 364 1286; x_wconf 82' lang='lat' dir='ltr'>etiam</span> <span class='ocrx_word' id='word_1_47' title='bbox 390 1223 426 1286; x_wconf 76' lang='lat' dir='ltr'>&#39;si</span> <span class='ocrx_word' id='word_1_48' title='bbox 462 1223 602 1286; x_wconf 83' lang='lat' dir='ltr'>incerate</span> <span class='ocrx_word' id='word_1_49' title='bbox 636 1222 783 1306; x_wconf 79' lang='lat' dir='ltr'>legimus,</span> <span class='ocrx_word' id='word_1_50' title='bbox 819 1244 890 1285; x_wconf 87' lang='lat' dir='ltr'>curn</span> <span class='ocrx_word' id='word_1_51' title='bbox 914 1223 1015 1293; x_wconf 83' lang='lat' dir='ltr'>ironia</span> <span class='ocrx_word' id='word_1_52' title='bbox 1039 1223 1175 1305; x_wconf 85' lang='lat' dir='ltr'>quodam</span> 
     </span>
     <span class='ocr_line' id='line_1_8' title="bbox 99 1347 1176 1430; baseline 0 -19"><span class='ocrx_word' id='word_1_53' title='bbox 99 1349 250 1430; x_wconf 85' lang='lat' dir='ltr'>scriptus</span> <span class='ocrx_word' id='word_1_54' title='bbox 284 1349 334 1422; x_wconf 83' lang='lat' dir='ltr'>sit,</span> <span class='ocrx_word' id='word_1_55' title='bbox 360 1350 453 1430; x_wconf 83' lang='lat' dir='ltr'>poeta</span> <span class='ocrx_word' id='word_1_56' title='bbox 477 1369 514 1411; x_wconf 93' lang='lat' dir='ltr'>eo</span> <span class='ocrx_word' id='word_1_57' title='bbox 537 1347 606 1411; x_wconf 89' lang='lat' dir='ltr'>loeo</span> <span class='ocrx_word' id='word_1_58' title='bbox 629 1369 703 1411; x_wconf 92' lang='lat' dir='ltr'>non.</span> <span class='ocrx_word' id='word_1_59' title='bbox 718 1369 756 1410; x_wconf 85' lang='lat' dir='ltr'>ex</span> <span class='ocrx_word' id='word_1_60' title='bbox 780 1347 884 1411; x_wconf 84' lang='lat' dir='ltr'>animo</span> <span class='ocrx_word' id='word_1_61' title='bbox 907 1347 1001 1411; x_wconf 83' lang='lat' dir='ltr'>istam</span> <span class='ocrx_word' id='word_1_62' title='bbox 1025 1347 1176 1411; x_wconf 82' lang='lat' dir='ltr'>adhorto-</span> 
     </span>
     <span class='ocr_line' id='line_1_9' title="bbox 98 1471 1176 1560; baseline 0 -24"><span class='ocrx_word' id='word_1_63' title='bbox 98 1475 231 1537; x_wconf 84' lang='lat' dir='ltr'>tionem</span> <span class='ocrx_word' id='word_1_64' title='bbox 268 1471 408 1536; x_wconf 82' lang='lat' dir='ltr'><strong>adhibet.</strong></span> <span class='ocrx_word' id='word_1_65' title='bbox 435 1471 537 1560; x_wconf 26' lang='lat' dir='ltr'>&#39;Mihi</span> <span class='ocrx_word' id='word_1_66' title='bbox 572 1471 700 1558; x_wconf 85' lang='lat' dir='ltr'>quidem</span> <span class='ocrx_word' id='word_1_67' title='bbox 735 1471 816 1535; x_wconf 81' lang='lat' dir='ltr'>nihil</span> <span class='ocrx_word' id='word_1_68' title='bbox 852 1493 919 1534; x_wconf 87' lang='lat' dir='ltr'>esse</span> <span class='ocrx_word' id='word_1_69' title='bbox 954 1471 1089 1550; x_wconf 77' lang='lat' dir='ltr'>ridetur,</span> <span class='ocrx_word' id='word_1_70' title='bbox 1121 1495 1176 1536; x_wconf 87' lang='lat' dir='ltr'>cur</span> 
     </span>
    </p>
   </div>
   <div class='ocr_carea' id='block_1_5' title="bbox 101 1597 802 1679">
    <p class='ocr_par' dir='ltr' id='par_1_5' title="bbox 101 1597 802 1679">
     <span class='ocr_line' id='line_1_10' title="bbox 101 1597 802 1679; baseline -0.001 -18"><span class='ocrx_word' id='word_1_71' title='bbox 101 1597 307 1662; x_wconf 83' lang='lat' dir='ltr'>infinitivum</span> <span class='ocrx_word' id='word_1_72' title='bbox 330 1597 362 1660; x_wconf 91' lang='lat' dir='ltr'>in</span> <span class='ocrx_word' id='word_1_73' title='bbox 386 1597 612 1679; x_wconf 81' lang='lat' dir='ltr'>imperativum</span> <span class='ocrx_word' id='word_1_74' title='bbox 635 1600 802 1660; x_wconf 80' lang='lat' dir='ltr'>mutemus</span> 
     </span>
    </p>
   </div>
   <div class='ocr_carea' id='block_1_6' title="bbox 220 1719 558 1805">
    <p class='ocr_par' dir='ltr' id='par_1_6' title="bbox 220 1719 558 1805">
     <span class='ocr_line' id='line_1_11' title="bbox 220 1719 558 1805; baseline 0 -20"><span class='ocrx_word' id='word_1_75' title='bbox 220 1721 397 1785; x_wconf 79' lang='lat' dir='ltr'>Buecheler</span> <span class='ocrx_word' id='word_1_76' title='bbox 419 1721 500 1805; x_wconf 81' lang='lat' dir='ltr'>legit</span> <span class='ocrx_word' id='word_1_77' title='bbox 515 1719 558 1801; x_wconf 75' lang='grc'>2);</span> 
     </span>
    </p>
   </div>
   <div class='ocr_carea' id='block_1_7' title="bbox 242 1869 1064 2053">
    <p class='ocr_par' dir='ltr' id='par_1_7' title="bbox 242 1869 1064 2053">
     <span class='ocr_line' id='line_1_12' title="bbox 243 1869 1064 1945; baseline -0.004 -17"><span class='ocrx_word' id='word_1_78' title='bbox 243 1888 313 1944; x_wconf 82' lang='lat' dir='ltr'>ergo</span> <span class='ocrx_word' id='word_1_79' title='bbox 336 1889 521 1944; x_wconf 81' lang='lat' dir='ltr'>supervacue</span> <span class='ocrx_word' id='word_1_80' title='bbox 545 1873 599 1927; x_wconf 82' lang='lat' dir='ltr'>eut</span> <span class='ocrx_word' id='word_1_81' title='bbox 622 1889 688 1944; x_wconf 83' lang='lat' dir='ltr'>quae</span> <span class='ocrx_word' id='word_1_82' title='bbox 712 1869 875 1944; x_wconf 82' lang='lat' dir='ltr'>perniciosa</span> <span class='ocrx_word' id='word_1_83' title='bbox 899 1871 1064 1945; x_wconf 83' lang='lat' dir='ltr'>petuntur?</span> 
     </span>
     <span class='ocr_line' id='line_1_13' title="bbox 242 1977 1036 2053; baseline 0 -19"><span class='ocrx_word' id='word_1_84' title='bbox 242 1980 365 2052; x_wconf 82' lang='lat' dir='ltr'>propter</span> <span class='ocrx_word' id='word_1_85' title='bbox 389 1995 455 2052; x_wconf 84' lang='lat' dir='ltr'>quae</span> <span class='ocrx_word' id='word_1_86' title='bbox 479 1977 523 2035; x_wconf 81' lang='lat' dir='ltr'>fas</span> <span class='ocrx_word' id='word_1_87' title='bbox 547 1981 592 2034; x_wconf 85' lang='lat' dir='ltr'>est</span> <span class='ocrx_word' id='word_1_88' title='bbox 615 1997 713 2053; x_wconf 80' lang='lat' dir='ltr'>genua</span> <span class='ocrx_word' id='word_1_89' title='bbox 736 1977 867 2034; x_wconf 85' lang='lat' dir='ltr'>iucerere</span> <span class='ocrx_word' id='word_1_90' title='bbox 892 1977 1036 2034; x_wconf 85' lang='lat' dir='ltr'>deorum?</span> 
     </span>
    </p>
   </div>
   <div class='ocr_carea' id='block_1_8' title="bbox 25 2137 1178 3096">
    <p class='ocr_par' dir='ltr' id='par_1_8' title="bbox 25 2137 1177 2848">
     <span class='ocr_line' id='line_1_14' title="bbox 103 2137 1176 2224; baseline -0.004 -18"><span class='ocrx_word' id='word_1_91' title='bbox 103 2139 206 2206; x_wconf 88' lang='lat' dir='ltr'>Nihil</span> <span class='ocrx_word' id='word_1_92' title='bbox 230 2141 346 2203; x_wconf 81' lang='lat' dir='ltr'>attinet</span> <span class='ocrx_word' id='word_1_93' title='bbox 370 2163 386 2204; x_wconf 89' lang='lat' dir='ltr'>e</span> <span class='ocrx_word' id='word_1_94' title='bbox 409 2141 515 2204; x_wconf 85' lang='lat' dir='ltr'>verbis</span> <span class='ocrx_word' id='word_1_95' title='bbox 539 2163 568 2203; x_wconf 83' lang='lat' dir='ltr'>r.</span> <span class='ocrx_word' id='word_1_96' title='bbox 594 2141 636 2204; x_wconf 76' lang='lat'>54</span> <span class='ocrx_word' id='word_1_97' title='bbox 660 2139 942 2224; x_wconf 67' lang='lat' dir='ltr'>interrogationem</span> <span class='ocrx_word' id='word_1_98' title='bbox 964 2140 1098 2203; x_wconf 88' lang='lat' dir='ltr'>efficere.</span> <span class='ocrx_word' id='word_1_99' title='bbox 1117 2165 1120 2179; x_wconf 93' lang='grc'><em>·</em></span> <span class='ocrx_word' id='word_1_100' title='bbox 1138 2137 1176 2202; x_wconf 94' lang='lat' dir='ltr'>In</span> 
     </span>
     <span class='ocr_line' id='line_1_15' title="bbox 105 2262 1177 2348; baseline -0.002 -18"><span class='ocrx_word' id='word_1_101' title='bbox 105 2268 182 2331; x_wconf 91' lang='lat' dir='ltr'>eius</span> <span class='ocrx_word' id='word_1_102' title='bbox 218 2266 303 2329; x_wconf 89' lang='lat' dir='ltr'>modi</span> <span class='ocrx_word' id='word_1_103' title='bbox 338 2266 504 2329; x_wconf 73' lang='lat' dir='ltr'>sententiis</span> <span class='ocrx_word' id='word_1_104' title='bbox 539 2262 699 2329; x_wconf 83' lang='lat' dir='ltr'>Iuvenalis</span> <span class='ocrx_word' id='word_1_105' title='bbox 731 2287 778 2344; x_wconf 85' lang='lat' dir='ltr'>ea,</span> <span class='ocrx_word' id='word_1_106' title='bbox 803 2287 872 2348; x_wconf 84' lang='lat' dir='ltr'>quae</span> <span class='ocrx_word' id='word_1_107' title='bbox 898 2266 1052 2347; x_wconf 80' lang='lat' dir='ltr'>exposuit,</span> <span class='ocrx_word' id='word_1_108' title='bbox 1077 2265 1177 2328; x_wconf 87' lang='lat' dir='ltr'>inter·</span> 
     </span>
     <span class='ocr_line' id='line_1_16' title="bbox 106 2387 1177 2474; baseline -0.002 -20"><span class='ocrx_word' id='word_1_109' title='bbox 106 2390 282 2474; x_wconf 84' lang='lat' dir='ltr'>rogatione</span> <span class='ocrx_word' id='word_1_110' title='bbox 319 2387 588 2472; x_wconf 81' lang='lat' dir='ltr'>comprehendere</span> <span class='ocrx_word' id='word_1_111' title='bbox 619 2413 682 2454; x_wconf 90' lang='lat' dir='ltr'>non</span> <span class='ocrx_word' id='word_1_112' title='bbox 706 2391 786 2454; x_wconf 88' lang='lat' dir='ltr'>solet</span> <span class='ocrx_word' id='word_1_113' title='bbox 810 2394 903 2472; x_wconf 86' lang='lat' dir='ltr'>atque</span> <span class='ocrx_word' id='word_1_114' title='bbox 927 2388 986 2452; x_wconf 89' lang='lat' dir='ltr'>hoc</span> <span class='ocrx_word' id='word_1_115' title='bbox 1010 2411 1086 2452; x_wconf 84' lang='lat' dir='ltr'>sane</span> <span class='ocrx_word' id='word_1_116' title='bbox 1109 2389 1177 2452; x_wconf 89' lang='lat' dir='ltr'>loco</span> 
     </span>
     <span class='ocr_line' id='line_1_17' title="bbox 90 2494 1177 2600; baseline -0.004 -20"><span class='ocrx_word' id='word_1_117' title='bbox 90 2514 230 2581; x_wconf 78' lang='lat' dir='ltr'>&#39;mirum</span> <span class='ocrx_word' id='word_1_118' title='bbox 268 2494 365 2578; x_wconf 82' lang='lat' dir='ltr'>esset¹</span> <span class='ocrx_word' id='word_1_119' title='bbox 385 2515 593 2600; x_wconf 84' lang='lat' dir='ltr'>interrogare,</span> <span class='ocrx_word' id='word_1_120' title='bbox 629 2538 705 2580; x_wconf 89' lang='lat' dir='ltr'>num</span> <span class='ocrx_word' id='word_1_121' title='bbox 734 2515 879 2579; x_wconf 88' lang='lat' dir='ltr'>homines</span> <span class='ocrx_word' id='word_1_122' title='bbox 903 2537 1099 2598; x_wconf 81' lang='lat' dir='ltr'>supervacua</span> <span class='ocrx_word' id='word_1_123' title='bbox 1123 2517 1177 2597; x_wconf 90' lang='lat' dir='ltr'>aut</span> 
     </span>
     <span class='ocr_line' id='line_1_18' title="bbox 25 2638 1177 2738; baseline -0.002 -34"><span class='ocrx_word' id='word_1_124' title='bbox 25 2725 29 2738; x_wconf 94' lang='lat'>.</span> <span class='ocrx_word' id='word_1_125' title='bbox 106 2641 295 2726; x_wconf 83' lang='lat' dir='ltr'>pernicioso</span> <span class='ocrx_word' id='word_1_126' title='bbox 328 2642 486 2723; x_wconf 87' lang='lat' dir='ltr'>peterent.</span> <span class='ocrx_word' id='word_1_127' title='bbox 532 2638 569 2704; x_wconf 91' lang='lat' dir='ltr'>Id</span> <span class='ocrx_word' id='word_1_128' title='bbox 601 2662 653 2704; x_wconf 90' lang='lat' dir='ltr'>eos</span> <span class='ocrx_word' id='word_1_129' title='bbox 677 2645 786 2723; x_wconf 87' lang='lat' dir='ltr'>petere</span> <span class='ocrx_word' id='word_1_130' title='bbox 811 2662 827 2703; x_wconf 92' lang='lat' dir='ltr'>e</span> <span class='ocrx_word' id='word_1_131' title='bbox 852 2640 1009 2722; x_wconf 87' lang='lat' dir='ltr'>prioribus</span> <span class='ocrx_word' id='word_1_132' title='bbox 1033 2639 1177 2704; x_wconf 82' lang='lat' dir='ltr'>versibus</span> 
     </span>
     <span class='ocr_line' id='line_1_19' title="bbox 106 2767 360 2848; baseline -0.008 -19"><span class='ocrx_word' id='word_1_133' title='bbox 106 2767 193 2829; x_wconf 85' lang='lat' dir='ltr'>satis</span> <span class='ocrx_word' id='word_1_134' title='bbox 217 2769 360 2848; x_wconf 82' lang='lat' dir='ltr'>apparet.</span> 
     </span>
    </p>

    <p class='ocr_par' dir='ltr' id='par_1_9' title="bbox 108 2888 1178 3096">
     <span class='ocr_line' id='line_1_20' title="bbox 221 2888 1178 2973; baseline -0.001 -20"><span class='ocrx_word' id='word_1_135' title='bbox 221 2888 334 2973; x_wconf 85' lang='lat' dir='ltr'>Neque</span> <span class='ocrx_word' id='word_1_136' title='bbox 375 2912 412 2952; x_wconf 84' lang='lat' dir='ltr'>ea</span> <span class='ocrx_word' id='word_1_137' title='bbox 451 2891 632 2953; x_wconf 82' lang='lat' dir='ltr'>coniectura</span> <span class='ocrx_word' id='word_1_138' title='bbox 667 2891 831 2973; x_wconf 79' lang='lat' dir='ltr'>probanda</span> <span class='ocrx_word' id='word_1_139' title='bbox 866 2893 923 2968; x_wconf 80' lang='lat' dir='ltr'>est,</span> <span class='ocrx_word' id='word_1_140' title='bbox 961 2912 1056 2972; x_wconf 87' lang='lat' dir='ltr'>quam</span> <span class='ocrx_word' id='word_1_141' title='bbox 1092 2889 1178 2972; x_wconf 85' lang='lat' dir='ltr'>cepit</span> 
     </span>
     <span class='ocr_line' id='line_1_21' title="bbox 108 3011 278 3096; baseline -0.006 -18"><span class='ocrx_word' id='word_1_142' title='bbox 108 3013 220 3078; x_wconf 83' lang='lat' dir='ltr'>Maior</span> <span class='ocrx_word' id='word_1_143' title='bbox 234 3011 278 3096; x_wconf 82' lang='lat'>³):</span> 
     </span>
    </p>
   </div>
   <div class='ocr_carea' id='block_1_9' title="bbox 244 3155 1037 3338">
    <p class='ocr_par' dir='ltr' id='par_1_10' title="bbox 244 3155 1037 3338">
     <span class='ocr_line' id='line_1_22' title="bbox 245 3155 1037 3229; baseline 0 -19"><span class='ocrx_word' id='word_1_144' title='bbox 245 3172 315 3228; x_wconf 82' lang='lat' dir='ltr'>ergo</span> <span class='ocrx_word' id='word_1_145' title='bbox 339 3173 524 3229; x_wconf 81' lang='lat' dir='ltr'>supervacuo</span> <span class='ocrx_word' id='word_1_146' title='bbox 548 3157 601 3211; x_wconf 81' lang='lat' dir='ltr'>aut</span> <span class='ocrx_word' id='word_1_147' title='bbox 624 3155 671 3212; x_wconf 88' lang='lat' dir='ltr'>vel</span> <span class='ocrx_word' id='word_1_148' title='bbox 694 3155 857 3229; x_wconf 84' lang='lat' dir='ltr'>perniciosa</span> <span class='ocrx_word' id='word_1_149' title='bbox 880 3157 1037 3229; x_wconf 85' lang='lat' dir='ltr'>putantur,</span> 
     </span>
     <span class='ocr_line' id='line_1_23' title="bbox 244 3260 1018 3338; baseline 0 -21"><span class='ocrx_word' id='word_1_150' title='bbox 244 3264 367 3335; x_wconf 89' lang='lat' dir='ltr'>propter</span> <span class='ocrx_word' id='word_1_151' title='bbox 391 3279 457 3336; x_wconf 84' lang='lat' dir='ltr'>quae</span> <span class='ocrx_word' id='word_1_152' title='bbox 482 3261 525 3319; x_wconf 85' lang='lat' dir='ltr'>fas</span> <span class='ocrx_word' id='word_1_153' title='bbox 550 3263 595 3318; x_wconf 84' lang='lat' dir='ltr'>est</span> <span class='ocrx_word' id='word_1_154' title='bbox 617 3261 870 3338; x_wconf 78' lang='lat' dir='ltr'>genuaincerere</span> <span class='ocrx_word' id='word_1_155' title='bbox 895 3260 1018 3318; x_wconf 89' lang='lat' dir='ltr'>deorum</span> 
     </span>
    </p>
   </div>
   <div class='ocr_carea' id='block_1_10' title="bbox 111 3423 1070 3507">
    <p class='ocr_par' dir='ltr' id='par_1_11' title="bbox 111 3423 1070 3507">
     <span class='ocr_line' id='line_1_24' title="bbox 111 3423 1070 3507; baseline -0.001 -18"><span class='ocrx_word' id='word_1_156' title='bbox 111 3423 165 3489; x_wconf 83' lang='lat' dir='ltr'>Ea</span> <span class='ocrx_word' id='word_1_157' title='bbox 188 3425 286 3488; x_wconf 81' lang='lat' dir='ltr'>verbo</span> <span class='ocrx_word' id='word_1_158' title='bbox 308 3423 438 3488; x_wconf 86' lang='lat' dir='ltr'>tolerari</span> <span class='ocrx_word' id='word_1_159' title='bbox 462 3427 601 3507; x_wconf 85' lang='lat' dir='ltr'>possent,</span> <span class='ocrx_word' id='word_1_160' title='bbox 626 3425 652 3487; x_wconf 89' lang='lat' dir='ltr'>si</span> <span class='ocrx_word' id='word_1_161' title='bbox 675 3447 704 3488; x_wconf 82' lang='lat' dir='ltr'>v.</span> <span class='ocrx_word' id='word_1_162' title='bbox 730 3426 771 3487; x_wconf 87' lang='lat'>55</span> <span class='ocrx_word' id='word_1_163' title='bbox 795 3425 841 3486; x_wconf 90' lang='lat' dir='ltr'>sic</span> <span class='ocrx_word' id='word_1_164' title='bbox 864 3424 1070 3488; x_wconf 86' lang='lat' dir='ltr'>scriberetur:</span> 
     </span>
    </p>
   </div>
   <div class='ocr_carea' id='block_1_11' title="bbox 112 3595 1179 4150">
    <p class='ocr_par' dir='ltr' id='par_1_12' title="bbox 112 3595 1179 4150">
     <span class='ocr_line' id='line_1_25' title="bbox 227 3595 1178 3705; baseline -0.001 -16"><span class='ocrx_word' id='word_1_165' title='bbox 227 3595 310 3704; x_wconf 16' lang='lat' dir='ltr'><strong>¹)AW.</strong></span> <span class='ocrx_word' id='word_1_166' title='bbox 330 3657 364 3689; x_wconf 82' lang='lat' dir='ltr'>ur</span> <span class='ocrx_word' id='word_1_167' title='bbox 383 3618 479 3690; x_wconf 79' lang='lat' dir='ltr'>Ioron:¹</span> <span class='ocrx_word' id='word_1_168' title='bbox 507 3636 639 3690; x_wconf 79' lang='lat' dir='ltr'>Adnotat.</span> <span class='ocrx_word' id='word_1_169' title='bbox 659 3636 687 3688; x_wconf 91' lang='lat' dir='ltr'>in</span> <span class='ocrx_word' id='word_1_170' title='bbox 707 3639 759 3690; x_wconf 85' lang='lat' dir='ltr'>sat.</span> <span class='ocrx_word' id='word_1_171' title='bbox 779 3635 811 3688; x_wconf 86' lang='lat' dir='ltr'>D.</span> <span class='ocrx_word' id='word_1_172' title='bbox 826 3637 846 3688; x_wconf 92' lang='lat' dir='ltr'>I.</span> <span class='ocrx_word' id='word_1_173' title='bbox 860 3635 1008 3700; x_wconf 83' lang='lat' dir='ltr'>Iuvenalis,</span> <span class='ocrx_word' id='word_1_174' title='bbox 1029 3635 1178 3705; x_wconf 84' lang='lat' dir='ltr'>Groningae</span> 
     </span>
     <span class='ocr_line' id='line_1_26' title="bbox 113 3725 1178 3880; baseline 0 -14"><span class='ocrx_word' id='word_1_175' title='bbox 113 3725 186 3779; x_wconf 66' lang='grc'>1879</span> <span class='ocrx_word' id='word_1_176' title='bbox 205 3727 295 3880; x_wconf 39' lang='grc' dir='ltr'>ΡΙἿἹΞΙ.</span> <span class='ocrx_word' id='word_1_177' title='bbox 316 3815 473 3867; x_wconf 73' lang='lat' dir='ltr'>Bucuncsn:</span> <span class='ocrx_word' id='word_1_178' title='bbox 502 3813 686 3868; x_wconf 81' lang='lat' dir='ltr'>Coniectanea</span> <span class='ocrx_word' id='word_1_179' title='bbox 716 3811 796 3879; x_wconf 88' lang='lat' dir='ltr'>(Mus.</span> <span class='ocrx_word' id='word_1_180' title='bbox 825 3815 913 3869; x_wconf 86' lang='lat' dir='ltr'>Rhen.</span> <span class='ocrx_word' id='word_1_181' title='bbox 941 3815 1056 3868; x_wconf 87' lang='lat' dir='ltr'>XXXIV</span> <span class='ocrx_word' id='word_1_182' title='bbox 1086 3813 1178 3879; x_wconf 79' lang='lat'>(1879)</span> 
     </span>
     <span class='ocr_line' id='line_1_27' title="bbox 112 3902 1179 4060; baseline 0 -16"><span class='ocrx_word' id='word_1_183' title='bbox 112 3921 142 3972; x_wconf 37' lang='lat' dir='ltr'>p·</span> <span class='ocrx_word' id='word_1_184' title='bbox 163 3902 237 4017; x_wconf 33' lang='lat'>3533</span> <span class='ocrx_word' id='word_1_185' title='bbox 267 3991 287 4044; x_wconf 90' lang='grc' dir='ltr'>Ι.</span> <span class='ocrx_word' id='word_1_186' title='bbox 309 3992 339 4044; x_wconf 91' lang='grc' dir='ltr'>Β.</span> <span class='ocrx_word' id='word_1_187' title='bbox 358 3991 468 4044; x_wconf 67' lang='lat' dir='ltr'>Meron:</span> <span class='ocrx_word' id='word_1_188' title='bbox 497 3991 556 4044; x_wconf 90' lang='lat' dir='ltr'>Iuv.</span> <span class='ocrx_word' id='word_1_189' title='bbox 583 3989 616 4043; x_wconf 88' lang='lat' dir='ltr'>X.</span> <span class='ocrx_word' id='word_1_190' title='bbox 636 3991 741 4044; x_wconf 77' lang='lat'>54-55</span> <span class='ocrx_word' id='word_1_191' title='bbox 761 3989 888 4057; x_wconf 75' lang='lat' dir='ltr'>(Journal</span> <span class='ocrx_word' id='word_1_192' title='bbox 906 3991 1093 4060; x_wconf 79' lang='lat' dir='ltr'>osphilology</span> <span class='ocrx_word' id='word_1_193' title='bbox 1105 3990 1179 4044; x_wconf 84' lang='lat' dir='ltr'>VIII.</span> 
     </span>
     <span class='ocr_line' id='line_1_28' title="bbox 116 4079 348 4150; baseline -0.009 -16"><span class='ocrx_word' id='word_1_194' title='bbox 116 4080 210 4147; x_wconf 77' lang='lat'>(1879)</span> <span class='ocrx_word' id='word_1_195' title='bbox 229 4099 256 4150; x_wconf 90' lang='lat' dir='ltr'>p.</span> <span class='ocrx_word' id='word_1_196' title='bbox 276 4079 348 4148; x_wconf 80' lang='lat'><strong>272.)</strong></span> 
     </span>
    </p>
   </div>
   <div class='ocr_carea' id='block_1_12' title="bbox 0 0 1460 4828">
    <p class='ocr_par' dir='ltr' id='par_1_13' title="bbox 0 0 1460 4828">
     <span class='ocr_line' id='line_1_29' title="bbox 0 0 1460 4828; baseline 0 0"><span class='ocrx_word' id='word_1_197' title='bbox 0 0 1460 4828; x_wconf 95' lang='lat' dir='ltr'> </span> 
     </span>
    </p>
   </div>
  </div>
 </body>
</html>
