2854 4828
367 618 638 705 interrogationes
661 621 829 685 rhetoricae
853 643 913 684 non
939 622 1068 684 desunt:

367 816 442 854 anne
466 796 578 872 aliquid
602 817 720 873 sperare
744 803 843 872 potest
866 799 928 856 haee
951 797 1081 873 inguinis
1106 798 1178 873 aegri

366 904 507 962 canities?
531 905 601 979 quid
627 905 707 979 quod
730 904 836 962 merito
860 908 996 979 suspecta
1020 904 1111 962 libido
1135 908 1189 974 est,

366 1028 432 1085 quae
456 1030 592 1069 venerem
617 1011 747 1068 adfectat
770 1011 831 1068 sine
856 1011 988 1068 viribus?

926 1119 987 1188 (vv.
1013 1117 1211 1188 nor-209).

366 1279 431 1344 cfr.
456 1304 505 1345 vv.
532 1282 716 1359 210---215,
735 1281 1014 1364 amplificationem
1030 1305 1060 1345 v.
1079 1283 1153 1358 232,
1170 1282 1321 1358 reditum,

259 1405 314 1487 qui
338 1409 385 1468 est
408 1429 438 1469 v.
463 1407 537 1484 265,
561 1407 780 1469 transitionem
804 1429 833 1468 v.
859 1407 922 1470 309
940 1410 1056 1482 cetera,
1073 1427 1143 1489 quae
1162 1407 1200 1469 ad
1216 1428 1320 1490 genus

259 1529 518 1594 declamatorium
542 1531 714 1612 pertinent.

365 1653 458 1718 illam
473 1677 531 1737 per
546 1676 629 1717 nunc
646 1677 717 1718 curn
733 1655 922 1738 imperativo
937 1655 988 1718 vel
1005 1656 1203 1719 coniunctivo
1216 1656 1255 1718 ad
1268 1677 1319 1730 ea,

258 1801 328 1862 quae
353 1784 536 1863 sequuntur,
572 1780 690 1843 factam
713 1781 933 1843 transitionem
957 1780 1214 1844 declamatoriam
1238 1803 1322 1856 esse,

257 1926 320 1968 non
343 1906 539 1988 negaverim.
579 1903 640 1967 Sed
666 1905 824 1968 invenitur
848 1909 880 1968 et
904 1907 936 1968 in
959 1905 1187 1988 posterioribus
1211 1906 1321 1969 satiris

258 2029 306 2110 (ut
322 2029 362 2094 X.
380 2032 432 2108 43,
450 2026 538 2095 XVI.
557 2031 612 2110 35)
638 2034 669 2093 et
692 2030 725 2093 in
748 2031 907 2114 prioribus
932 2031 980 2112 (nt
995 2027 1053 2094 III.
1072 2031 1146 2108 268,
1159 2029 1233 2095 VH.
1251 2032 1322 2112 36),

257 2158 293 2216 ut
326 2176 389 2218 non
423 2155 644 2218 declamatoris
668 2155 753 2218 illius
778 2156 917 2237 propria,
942 2152 1087 2218 quenali
1110 2155 1230 2240 ignota,
1256 2155 1321 2218 diei

256 2279 364 2361 possit.
412 2277 525 2362 Neque
549 2279 677 2343 insolita
701 2284 748 2342 est
771 2280 982 2364 interrogatio
1004 2280 1060 2342 illa
1084 2281 1225 2344 averbis
1240 2280 1321 2363 quid

256 2405 340 2485 quod
365 2409 407 2479 (v.
432 2406 510 2486 208)
533 2405 699 2486 incipiens.
748 2404 811 2467 Cfr.
836 2401 895 2467 III.
922 2405 973 2483 86,
1000 2405 1073 2483 147,
1097 2401 1156 2468 VI.
1180 2405 1234 2467 45.

363 2525 452 2592 Inter
475 2529 546 2602 alia,
571 2551 641 2612 quae
666 2529 698 2591 in
723 2530 821 2592 satira
840 2530 963 2592 decima
979 2552 997 2591 a
1013 2528 1191 2592 Ribbeokio
1206 2551 1321 2612 repre·

256 2651 447 2730 heuduntur,
484 2654 579 2716 etiam
614 2653 674 2716 hoe
699 2657 747 2716 est
765 2653 799 2736 ¹),
824 2653 908 2736 quod
932 2675 994 2716 non
1017 2653 1109 2715 rrrodo
1132 2648 1253 2715 insulsa
1275 2653 1322 2716 stt

255 2799 367 2841 verum
399 2777 494 2840 etiarn
518 2778 612 2860 plane
638 2777 767 2840 confusa
791 2799 828 2840 ea
852 2777 1058 2852 enumeratio,
1082 2798 1152 2860 quae
1176 2799 1226 2840 vv.
1253 2779 1322 2840 220

257 2903 365 2966 -266
401 2902 530 2987 legitur.
578 2900 659 2966 Sane
694 2925 754 2966 non
791 2907 863 2965 sunt
898 2901 1031 2984 pulchra
1065 2902 1134 2966 haec
1159 2903 1322 2984 exempla,

255 3027 311 3090 sed
334 3027 438 3112 magis
461 3027 591 3105 insulsa,
615 3049 708 3110 qnam
735 3027 807 3104 alin,
832 3049 902 3110 quae
927 3029 1010 3111 apud
1034 3024 1218 3091 Iuvenalem
1242 3049 1323 3110 pas·
1420 3037 1421 3056 ¹

255 3151 315 3215 sim
339 3151 534 3230 adferuntur,
559 3173 622 3215 non
645 3152 777 3216 dicenda
801 3154 884 3214 sunt.
928 3151 1041 3236 Neque
1066 3152 1143 3215 ordo
1167 3152 1323 3214 confusus

255 3279 313 3353 est,
349 3277 432 3359 qnod
468 3274 572 3360 Oppia
607 3300 636 3340 v.
669 3279 744 3348 220,
768 3275 881 3339 Maura
904 3300 933 3340 r.
959 3279 1022 3339 224
1045 3276 1236 3341 nominatur.
1284 3274 1321 3339 Si

254 3398 367 3463 Maura
391 3403 430 3465 ab
455 3399 559 3484 Oppia
582 3405 729 3484 separata
753 3404 811 3479 est,
835 3399 895 3464 hoo
920 3424 956 3464 eo
980 3404 1210 3484 compensatur,
1233 3401 1321 3483 quod

254 3545 324 3588 eum
349 3523 489 3588 Humido
513 3525 726 3610 coniungitur.

254 3773 306 3826 326
325 3771 436 3826 restitui
454 3789 541 3840 posse.
572 3773 604 3825 In
625 3773 683 3826 eod.
703 3773 733 3825 P.
753 3775 795 3826 est
814 3772 919 3833 hirnea,
939 3773 1012 3840 qnod
1024 3773 1133 3825 nnllam
1146 3771 1319 3826 sententiam

253 3861 347 3916 habet.
393 3859 498 3914 Hemia
525 3861 698 3915 scribendum
719 3864 796 3930 puto.
833 3861 938 3915 Hernia
954 3861 1028 3915 idem
1048 3865 1091 3915 est
1109 3864 1193 3928 atque
1211 3878 1323 3916 ramex.

253 3949 379 4005 Nestoris
406 3948 504 4004 hernia
529 3949 639 4004 incendi
658 3949 761 4018 possit:
790 3954 857 4019 apta
876 3950 978 4019 imag0,
998 3950 1021 4002 si
1041 3967 1102 4004 enm
1122 3949 1154 4002 X.
1174 3949 1323 4004 205-206

229 4065 238 4078 ‘
254 4039 419 4094 conferatur.

364 4127 382 4194 ¹)
403 4127 522 4180 annscn
542 4127 560 4180 l.
580 4128 598 4180 l.
618 4145 643 4196 p.
663 4129 706 4181 40.
