2854 4828
579 423 753 496 -47÷-

41 590 46 599 ’
120 601 284 664 memoria
307 601 449 680 nondum
472 602 640 666 obliterata
665 608 756 677 esset,
782 607 891 666 contra
911 590 1018 665 amare
1035 601 1194 665 declama-

119 729 233 788 torem
249 726 335 788 omni
351 726 545 810 cogitatione
560 731 670 790 vetera
686 730 832 810 repetere
844 728 1044 810 maximeque
1061 726 1093 790 in
1110 727 1193 792 anti-

121 850 202 933 quis
216 849 333 913 fabulis
345 851 605 934 temporibusque
617 852 836 915 remotissimis
848 851 978 916 versari.
1008 849 1073 934 lpsi
1085 854 1193 914 tamen

121 975 365 1038 concedendum
391 978 447 1050 est,
471 967 535 1038 non
559 976 665 1040 omnia
689 977 834 1059 exempla
857 977 891 1040 in
914 977 1020 1039 satiris
1039 972 1193 1039 X-XVI

122 1099 355 1184 antiquitatem
379 1101 532 1178 redolere,
557 1123 624 1164 esse
649 1102 746 1164 etiam
770 1102 955 1166 recentiora.
993 1101 1071 1165 Haeo
1087 1102 1193 1165 omnia

122 1210 390 1308 noMQsed
414 1247 464 1289 res
482 1225 635 1308 explicari
651 1226 745 1290 facile
761 1230 875 1308 potest.
913 1223 950 1289 ln
965 1225 1194 1308 posterioribus

123 1349 238 1412 satiris
272 1348 481 1432 philosophus
514 1351 618 1433 potius
642 1373 738 1433 quom
761 1351 936 1435 castigator
959 1351 1012 1414 ille
1037 1351 1193 1433 loquitur;

124 1471 292 1537 Iuvenalis
327 1497 390 1538 non
425 1477 461 1539 ut
496 1478 590 1538 antea
624 1475 657 1538 in
692 1476 812 1540 scelera
835 1476 1000 1540 notissima
1023 1475 1192 1559 aequalium

123 1599 302 1677 invehitur,
338 1600 393 1662 sed
424 1599 461 1662 de
486 1600 647 1664 erroribus
671 1601 797 1684 generis
821 1600 952 1664 humani
976 1601 1052 1683 quid
1076 1601 1194 1664 sentiat

125 1724 277 1788 universe
318 1723 463 1808 exponit3
503 1725 548 1787 sic
583 1725 749 1801 monendo,
784 1726 830 1788 sic
864 1725 1057 1789 instituendo
1088 1726 1193 1808 magis

126 1871 170 1910 rn·
208 1848 297 1932 isque
326 1851 488 1931 tamquam
513 1872 532 1912 a
554 1849 624 1913 foro
647 1851 680 1912 in
704 1848 802 1912 vitam
827 1849 1032 1913 domesticam
1055 1849 1191 1927 recedit;

126 1972 181 2036 his
209 1973 331 2050 studiis,
355 1973 406 2036 his
430 1973 676 2058 cogitationibus
700 1976 882 2058 occupatus,
906 1974 1054 2057 propiora
1077 1996 1094 2037 e
1118 1995 1193 2038 eon-

128 2100 244 2180 spectu
267 2097 396 2170 amittit,
421 2091 593 2161 remotiora
616 2098 739 2182 quaerit.

237 2221 303 2286 Vix
337 2223 438 2306 igitur
468 2245 547 2306 opus
571 2226 649 2301 erat,
675 2222 888 2286 llibbeclrium
911 2226 1001 2285 tanta
1025 2223 1193 2307 diligentia

128 2347 237 2411 omnia
272 2370 310 2410 ea
346 2348 492 2430 exempla
519 2370 714 2425 enumerare,
739 2369 809 2430 quae
834 2371 852 2410 a
876 2346 1066 2430 philosopho
1090 2370 1150 2411 non
1175 2371 1192 2412 e

128 2471 234 2535 triviis
257 2476 289 2534 et
312 2472 379 2536 vita
403 2472 572 2552 cotidiana,
596 2473 652 2534 sed
676 2494 715 2534 ex
731 2472 898 2535 annalibus
914 2475 1058 2536 veterum
1074 2470 1193 2536 Roma-

129 2620 244 2660 norum
279 2604 310 2662 et
345 2597 526 2661 Graecorum
560 2600 688 2680 sumpta
711 2600 793 2660 sunt.
841 2597 1002 2661 Praeterea
1025 2619 1088 2662 non
1112 2598 1193 2661 obli-

129 2723 316 2787 viscendum
340 2725 397 2801 est,
421 2719 606 2786 iuvenalem
623 2723 661 2799 vin
686 2721 801 2785 scholis
825 2722 988 2786 rhetorum
1011 2722 1193 2786 institutum

130 2869 210 2912 esse.
256 2847 374 2910 Mirum
410 2869 478 2910 esse
514 2851 627 2930 potest,
656 2847 683 2910 si
705 2846 799 2912 huius
824 2847 1031 2911 institutionis
1054 2847 1193 2930 vestigia
1261 2861 1263 2868 ’

129 2973 163 3034 in
187 2971 314 3054 scriptis
339 2973 406 3034 eius
430 2975 607 3058 apparent?

237 3096 382 3160 Eandem
417 3097 643 3175 circuitionem,
679 3119 774 3181 quam
809 3098 849 3160 ad
884 3119 913 3161 v.
941 3098 1001 3160 109
1027 3097 1192 3160 adnotavi-

129 3244 210 3300 mus,
245 3243 275 3285 ν.
313 3221 374 3284 125
411 3221 598 3286 invenimus,
644 3220 724 3286 Turn
760 3225 854 3304 poeta
879 3221 918 3284 ad
942 3220 1192 3284 Demosthenem

129 3347 255 3410 transit.
302 3343 407 3428 Nemo
430 3365 549 3430 negare
574 3349 687 3428 potest,
713 3349 744 3409 et
767 3346 851 3409 huno
872 3350 903 3410 et
920 3345 1101 3410 Ciceronem
1119 3351 1193 3429 apte

129 3472 238 3535 induci
269 3473 309 3534 ad
333 3493 371 3534 ea
395 3470 638 3553 comprobanda,
662 3493 732 3553 quae
758 3471 972 3534 demonstrare
997 3476 1090 3552 poete
1113 3472 1192 3534 vult.

38 3579 40 3584 ¹
130 3596 219 3672 Quod
253 3619 304 3660 vv.
342 3596 514 3660 iao-132
552 3596 589 3657 de
625 3599 715 3678 patre
751 3595 974 3658 Demosthenis
998 3599 1107 3658 narrat
1130 3618 1192 3658 non

129 3743 241 3785 verum
281 3724 339 3794 est,
379 3742 451 3783 cum
489 3720 516 3782 is
551 3719 652 3782 filium
688 3721 727 3782 ad
761 3719 921 3784 rhetorem
956 3743 1020 3784 non
1053 3720 1191 3796 miserit;

130 3868 210 3930 puer
249 3846 334 3909 enim
372 3848 495 3928 septem
534 3866 630 3907 annos
669 3847 762 3907 natus
801 3848 925 3926 patrem
965 3845 1080 3908 amisit.
1131 3841 1192 3918 Qui

130 3992 220 4034 error
254 3969 434 4034 Ribbeckio
467 3991 529 4032 non
564 3969 618 4030 diu
652 3969 757 4032 latuit.
803 3965 920 4032 Irridet
955 3971 995 4032 ob
1023 3991 1093 4032 eam
1117 3990 1192 4031 cau-

130 4116 198 4157 sam
232 4098 371 4178 poetam,
406 4093 497 4176 quasi
532 4092 584 4156 hic
620 4115 707 4157 error
742 4097 849 4157 tantus
873 4093 924 4172 sit,
948 4095 1068 4156 utnon
1091 4094 1193 4175 possit
