2930 4836
122 639 162 702 de
198 641 265 701 arte
302 635 508 701 luvenaliana
536 636 630 700 nimis
653 636 722 700 leve
747 637 896 700 iudicium
922 637 1027 700 facere
1051 607 1186 701 ridetur.

121 762 185 828 Sed
208 763 293 846 quod
317 738 402 828 dicit.
420 763 458 826 de
483 762 684 845 interpolatis
707 763 850 826 versibus
868 763 998 826 69-72
1016 783 1052 826 eo
1068 762 1187 826 maiora

121 888 190 951 iure
225 887 356 950 laudare
392 909 529 969 possum,
566 887 650 969 quod
685 886 753 969 ipse
784 887 930 968 plurimis
953 887 1030 950 locis
1054 888 1188 964 ostendi,

121 1015 250 1095 poetam
269 1033 331 1075 non
347 1016 383 1075 ut
400 1012 610 1075 eruditionem
627 1033 716 1074 suam
733 1015 828 1094 atque
842 1011 1000 1094 copiosam
1013 1012 1189 1076 doctrinam

123 1140 310 1216 ostentaret,
328 1137 474 1220 exempla
490 1137 545 1200 illa
562 1159 600 1199 ex
614 1136 752 1218 antiquis
765 1136 882 1200 fabulis
895 1105 1023 1220 sumpta
1035 1137 1188 1201 attulisse.

230 1261 365 1326 Reditus
394 1263 432 1325 ad
456 1261 655 1344 propositum
679 1265 727 1324 est
749 1284 779 1325 v.
805 1246 874 1324 72.Ι
904 1261 955 1326 Ad
980 1285 1030 1326 vv.
1057 1263 1186 1326 86—87

123 1386 264 1450 Kiterius
300 1381 430 1450 adnotat
448 1386 483 1467 ¹),
518 1407 691 1468 pronomen
715 1386 747 1448 in
770 1386 875 1468 priore
899 1381 1057 1463 sententia
1081 1386 1188 1449 durius

126 1511 241 1588 audiri,
277 1511 459 1574 nisi·locus
494 1510 540 1573 ita
576 1510 679 1592 accipi
713 1511 837 1588 debeat,
862 1514 898 1574 ut
921 1515 1015 1594 poeta
1038 1533 1100 1573 non
1123 1513 1190 1574 tam

125 1657 299 1719 pronomen
338 1635 479 1698 omiserit
517 1657 613 1718 quarn
651 1635 801 1699 orationis
835 1636 971 1700 formam
1006 1635 1187 1699 mutaverit.

124 1760 227 1824 Credo
251 1762 378 1842 poetam
402 1757 566 1823 Volusium
592 1759 720 1842 alloqui,
745 1762 779 1823 ut
802 1783 864 1823 uon
881 1782 958 1843 opus
973 1761 1017 1822 'sit
1032 1760 1066 1822 in
1082 1759 1187 1842 priore

124 1872 285 1948 sententia
307 1905 481 1967 pronomen
506 1884 624 1948 audire.
672 1881 709 1947 In
733 1907 784 1949 vv.
809 1887 957 1950 95—962

242 2051 370 2109 fortunae
395 2050 506 2108 invidia
530 2053 574 2108 est
596 2051 802 2125 bellorumque
826 2051 941 2121 ultima,
968 2069 1051 2110 casus

244 2157 377 2227 extremi,
402 2157 498 2232 longae
523 2157 586 2214 dira
610 2157 769 2216 obsidionis
793 2161 908 2233 egestas

124 2313 250 2396 copiam
273 2297 433 2395 quandam
456 2314 623 2376 verborum
648 2313 760 2390 inesse,
785 2335 846 2375 nou
870 2334 962 2396 neg0,
984 2313 1040 2376 sed
1056 2316 1188 2396 propter

124 2437 186 2501 hoc
210 2461 228 2500 a
251 2434 402 2500 Iuvenale
427 2459 489 2498 non
514 2437 715 2503 abiudicandi
738 2441 820 2500 sunt.
860 2436 958 2500 Poeta
981 2437 1041 2500 hoe
1064 2438 1134 2501 loco
1154 2437 1188 2500 in

125 2562 286 2625 mentibus
311 2583 428 2640 eorum,
453 2561 508 2643 qui
531 2561 653 2644 legunt,
677 2561 856 2644 insculpere
880 2562 957 2637 vult,
983 2561 1085 2644 qualis
1105 2563 1189 2626 inter

126 2685 389 2770 Calagurritanos
424 2690 456 2748 et
491 2683 635 2749 Ombitas
671 2687 751 2749 ratio
779 2687 1004 2765 intercesserit,
1029 2709 1124 2769 quam
1148 2688 1188 2750 ob

127 2831 195 2874 rem
231 2832 301 2873 cum
338 2811 461 2874 facinus
496 2810 620 2873 illorum
649 2811 785 2873 miseriae
810 2812 1044 2896 excusationem
1069 2812 1188 2876 habere

127 2935 345 2998 demonstrare
380 2935 468 3013 velit,
504 2936 542 2998 de
576 2934 763 2998 necessitate
792 2957 887 3018 quam
918 2937 1116 3019 apertissime
1139 2937 1188 3000 lo-

125 3059 244 3142 quitur.
292 3058 380 3134 Quod
415 3063 512 3142 poeta
545 3083 575 3123 v.
613 3060 674 3122 112
710 3063 819 3122 narrat
854 3061 921 3124 sine
957 3063 1052 3125 dubio
1079 3062 1188 3124 fictum

126 3188 190 3247 est:
227 3185 272 3246 sic
308 3185 436 3268 gravior
470 3184 573 3248 ironia
596 3183 641 3246 fit.
688 3183 855 3248 Weidneri
880 3185 917 3248 dc
942 3184 1091 3249 hocloco
1116 3208 1187 3249 sen-

125 3308 228 3370 tentia
264 3309 327 3371 alia
362 3312 418 3387 est,
455 3309 514 3372 sed·
532 3308 612 3372 mihi
635 3309 763 3390 quidem
787 3281 882 3392 poeta
905 3308 1029 3392 Thylen
1054 3311 1187 3395 elegisse

125 3433 262 3510 videtur,
287 3435 323 3494 ut
345 3433 459 3496 melius
482 3433 572 3498 nobis
597 3437 669 3496 ante
694 3434 798 3498 oeulos
815 3438 956 3517 poneret,
974 3456 1070 3517 quam
1087 3435 1188 3498 nudus

126 3556 327 3620 humanitate
362 3557 447 3621 orbis
481 3560 638 3622 terrarum
674 3578 708 3621 re
735 3562 927 3635 vernasset,
952 3560 1095 3641 quamvis
1119 3560 1187 3623 haec

124 3679 308 3744 humanitas
332 3681 450 3765 ubique
474 3682 596 3745 radices
621 3683 724 3766 egisse
749 3683 940 3746 crederetur.

233 3804 294 3870 Vv.
337 3807 509 3870 119-123
549 3807 676 3870 crebras
711 3807 979 3891 interrogationes
1014 3809 1187 3896 continent,

126 3933 163 3994 ut
187 3930 224 3992 fit
247 3931 332 4012 apud
356 3927 549 4010 Iuvenalem,
574 3952 645 3994 cum
666 3931 769 3994 studio
787 3933 819 3994 et
835 3933 945 3997 ardore
962 3933 1188 4000 inflammatur.

238 4141 257 4210 ¹)
277 4143 355 4196 Kirna
373 4143 392 4197 l.
412 4144 431 4196 l.
450 4162 477 4212 p.
497 4143 540 4196 26.
