2854 4828
694 355 869 418 ,90-

251 532 458 594 teeesserunt.
504 528 619 614 Neque
655 535 712 609 est,
748 533 831 615 quod
865 533 1074 596 mutationem
1108 554 1325 614 personarum

250 655 314 737 (11.
351 655 496 737 93-94)
530 656 699 739 prohibere
735 679 930 736 censeamus,
962 658 1127 740 quominus
1150 657 1188 720 hi
1211 681 1326 722 versus

249 803 330 844 unus
364 784 437 863 post
467 782 603 846 alterum
625 783 785 867 legantur.
831 781 872 848 V.
898 784 938 846 93
963 783 1155 847 sententiam
1180 805 1319 868 genera-

249 907 313 970 lem
347 906 497 986 eontinet,
532 907 643 990 quales
679 907 764 990 apud
793 904 978 972 iuvenalem
1010 908 1185 990 saepissime
1210 930 1324 972 oecur-

249 1035 341 1110 runt3
366 1055 396 1096 1.
422 1032 464 1095 94
487 1054 596 1095 rursus
621 1032 660 1095 ad
684 1055 737 1096 eos
761 1054 795 1095 se
819 1033 976 1096 convertit
999 1035 1103 1116 poeta,
1127 1033 1325 1116 quibuscum

252 1157 282 1220 ei
306 1178 408 1220 sermo
432 1160 490 1220 est.
1172 1127 1177 1132 Ι

357 1279 506 1365 Sequitur
529 1285 565 1344 ut
587 1305 639 1346 11.
664 1283 794 1346 88-89
818 1282 1008 1361 intueamur,
1028 1305 1103 1346 nam
1118 1283 1258 1366 quaestio
1275 1287 1325 1347 est

252 1407 357 1470 sintne
382 1408 405 1471 ii
430 1431 447 1470 a
471 1404 616 1472 quenali
640 1408 761 1490 scripti.

355 1575 405 1632 ille
429 1576 458 1631 et
481 1573 595 1630 militiae
618 1574 720 1632 multis
743 1574 873 1650 largitur
895 1575 1047 1643 honorem,

356 1680 490 1739 semestri
513 1675 622 1756 digitos
646 1683 750 1738 vatum
774 1681 963 1757 oiroumligat
985 1700 1069 1739 auro.

249 1835 446 1900 Ribbeokius
477 1857 529 1898 eos
561 1835 700 1912 damnat,
725 1857 798 1898 oum
820 1835 867 1898 nil
889 1835 952 1898 nisi
976 1835 1215 1899 adnotationem
1238 1836 1324 1899 ieiu-

248 1983 323 2023 nam
356 1958 592 2042 interpolatoris
628 1959 810 2038 exhibeant
848 1982 943 2043 quem
977 1959 1037 2023 hoo
1072 1961 1164 2024 modo
1198 1960 1266 2025 vim
1288 1963 1326 2022 et

247 2085 403 2148 ‘virtutem
427 2106 537 2149 versus
562 2085 628 2148 eius
653 2085 708 2167 qui
732 2087 779 2147 est
805 2085 845 2147 92

395 2251 552 2326 praefeotos
576 2250 704 2324 Pelopea
727 2250 809 2320 facit,
835 2251 998 2310 Philomela
1022 2250 1157 2308 tribunos

250 2405 353 2469 alieno
377 2405 447 2469 loco
471 2405 660 2468 imminuere
684 2404 771 2469 dioit.
808 2403 897 2479 Quod
921 2407 950 2468 ei
966 2404 1061 2470 facile
1079 2405 1322 2484 assentiremur,

249 2531 276 2594 si
310 2533 382 2614 post
410 2553 440 2594 1.
470 2531 510 2593 92
535 2529 737 2614 legerentur;
769 2552 840 2594 eum
863 2553 938 2595 vero
964 2531 1163 2608 antecedant,
1188 2529 1319 2593 omnino

248 2679 312 2719 non
344 2655 499 2735 videmus,
535 2677 591 2718 eur
625 2657 691 2717 tam
721 2655 839 2718 funesti
867 2655 1008 2719 habendi
1031 2655 1105 2719 sint.
1132 2691 1172 2698 —
1198 2652 1261 2717 Sed
1287 2655 1323 2718 in
1359 2669 1363 2678 ’

249 2781 404 2863 suspectis
435 2780 581 2844 versibus
616 2780 789 2843 retinendis
820 2781 1027 2844 reiciendisve
1051 2802 1114 2844 non
1139 2779 1263 2843 suffieit
1281 2779 1322 2842 iis

248 2905 465 2968 tantummodo
502 2904 698 2988 argumentis
732 2905 802 2983 niti,
837 2927 906 2988 quae
932 2929 950 2968 a
974 2927 1068 2968 sensu
1090 2903 1217 2988 pulchri
1241 2925 1321 2986 pro-

250 3030 336 3093 fecta
361 3030 490 3093 auribus
514 3029 674 3113 oculisque
699 3030 814 3092 nostris
838 3052 935 3113 quam
949 3029 1087 3092 maxime
1101 3029 1320 3093 blandiantur.

251 3153 342 3230 Quod
367 3154 519 3217 delictum
542 3176 734 3238 quamquam
758 3177 842 3238 saepe
860 3155 1016 3218 commisit
1032 3153 1239 3232 Ribbeohius‚
1256 3152 1319 3217 hoo

248 3284 357 3344 tamen
385 3280 454 3342 loeo
485 3279 548 3342 alia
584 3301 707 3363 quoque
743 3255 932 3364 argumenta
968 3278 1109 3343 adhibet.
1169 3276 1320 3361 interpo—

248 3406 385 3469 latorem
419 3403 520 3488 igitur
555 3405 632 3468 dicit
662 3404 696 3487 (l.
721 3405 742 3468 l.
766 3428 798 3488 p.
824 3403 901 3487 130)
931 3405 966 3468 in
989 3426 1026 3467 eo
1051 3403 1240 3488 gravissime
1264 3424 1319 3466 er·

248 3550 346 3606 rasse,
371 3530 454 3612 quod
478 3551 548 3592 eam
571 3530 771 3607 sententiam,
797 3551 867 3612 quae
892 3533 940 3592 est
963 3551 992 3592 1.
1019 3529 1071 3607 89,
1097 3528 1215 3592 auxilio
1239 3550 1318 3610 pro-

248 3653 386 3719 nominis
422 3659 647 3738 coagmentare
682 3654 799 3718 oblitus
835 3655 886 3718 sit.
944 3653 989 3717 At
1024 3653 1116 3717 nobis
1150 3653 1221 3716 haeo
1244 3653 1318 3736 ipsa

248 3779 379 3844 reiectio
412 3778 503 3842 uerbi
539 3779 616 3857 eius,
652 3780 736 3862 quod
771 3779 849 3842 duas
881 3779 1113 3842 enuntiationes
1138 3776 1305 3862 coniungit

248 3905 333 3968 inter
356 3904 560 3988 gravissimas
585 3925 696 3967 causas
720 3904 916 3966 numeranda
940 3925 1008 3966 esse
1031 3903 1168 3981 videtur,
1186 3923 1242 3967 our
1258 3901 1318 3964 hos

247 4049 358 4092 versus
382 4053 400 4092 a
423 4026 583 4108 Iuvenale,
607 4051 670 4092 non
694 4029 734 4092 ab
758 4029 983 4112 interpolatore
1008 4028 1142 4110 scriptos
1160 4050 1228 4091 esse
1245 4047 1315 4090 ere-
