2916 4834
571 465 745 526 ,69-

118 662 195 705 vero
219 642 258 704 ad
282 639 413 708 satiram
436 641 655 728 refingendam
680 663 851 726 aggressus
875 641 926 720 sit,
951 641 1040 730 cuius
1061 642 1193 706 restitu·
1226 647 1231 664 '

114 766 165 830 tio
189 766 316 831 omnino
340 788 577 850 supervacanea
601 766 664 830 dici
687 767 797 850 possit,
821 765 896 830 huic
920 767 1023 832 studio
1048 767 1115 831 eius
1138 767 1190 829 in·

118 892 251 976 dulgere
275 892 329 956 vix
353 893 537 976 poterimus.
573 889 643 956 Iam
659 893 692 955 in
709 892 867 976 principio
884 892 986 956 libelli
1001 892 1194 977 negavimus

116 1017 208 1081 nobis
243 1016 339 1081 licere
374 1039 484 1081 versus
519 1013 680 1082 Iuvenalis
715 1017 755 1082 ἃᾶ
788 1017 957 1110 arbitrium
984 1021 1110 1082 mutare
1135 1019 1194 1081 aut

116 1145 203 1207 inter
241 1163 274 1205 se
312 1142 447 1206 miscere
483 1143 522 1206 ad
558 1143 750 1207 sententiam
784 1143 949 1206 meliorem
984 1144 1194 1210 reddendam.

121 1264 216 1345 Quid,
247 1267 330 1349 quod
362 1270 394 1330 et
417 1271 516 1351 negat
539 1265 589 1346 R„
607 1267 767 1351 'scriptam
791 1289 858 1330 esse
883 1267 967 1331 hanc
990 1269 1131 1347 satiram,
1156 1271 1194 1332 ut

122 1391 396 1455 enumerationem
418 1392 570 1456 vitiorum
594 1391 770 1471 exhiberet,
789 1395 820 1455 et
836 1391 1042 1456 nihilominus
1060 1393 1194 1458 eandem

124 1516 398 1580 enumerationem
421 1517 454 1580 in
478 1538 535 1580 sua
559 1516 764 1600 dispositione
788 1518 924 1600 probat?

231 1639 416 1704 Transimus
440 1641 479 1704 ad
503 1641 588 1705 locos
612 1637 760 1726 singulos
778 1642 1015 1706 examinandos.
1061 1641 1194 1727 Prologi

123 1787 236 1830 versus
260 1748 328 1828 sine
352 1764 588 1848 impedimentis
604 1765 766 1848 profluunt
782 1788 881 1849 usque
899 1766 938 1829 ad
954 1789 983 1830 v.
997 1768 1050 1830 21.
1082 1764 1194 1830 Sermo

125 1893 175 1952 est
210 1891 248 1953 de
282 1880 422 1953 moribus
454 1889 595 1954 honestis
618 1894 772 1968 veterum,
797 1913 931 1973 quorum
954 1890 1196 1973 simplicitatem

121 2015 236 2078 laudat
252 2011 388 2098 *quidem
411 2018 515 2097 poeta,
540 2015 595 2078 sed
618 2015 664 2078 ita
687 2019 723 2078 ut
747 2015 822 2079 deos
840 2015 986 2099 antiquos
1002 2015 1191 2098 fabulasque

123 2138 212 2202 haud
245 2140 341 2203 dubie
366 2139 541 2203 cavilletur.
589 2137 658 2203 Iam
682 2144 777 2203 antea
799 2139 861 2204 hoc
885 2141 1025 2204 studium
1048 2141 1115 2203 eius
1141 2141 1195 2204 de-

122 2263 361 2346 prehendimus
416 2260 455 2326 In
488 2265 593 2347 prima
628 2265 727 2328 satira
761 2287 812 2329 vv.
844 2265 883 2328 81
915 2287 984 2348 sqq.
1013 2287 1077 2328 non
1099 2264 1195 2330 nimis

124 2389 229 2452 severi
253 2392 339 2465 sunt3
364 2389 481 2452 insat.
505 2385 547 2453 II.
573 2389 636 2453 alia
661 2389 807 2472 exempla
831 2394 912 2454 sunt.
961 2389 1016 2454 cfr
1038 2387 1096 2454 VI.
1120 2393 1195 2471 393,

124 2509 218 2576 VIII.
244 2514 318 2592 132,
342 2509 434 2577 XIII.
459 2515 512 2594 40,
539 2514 588 2578 78.
616 2551 656 2558 —
681 2513 722 2579 V.
749 2517 766 2579 7
790 2519 887 2597 poeta
903 2537 989 2578 more
1006 2538 1062 2580 suo
1077 2538 1194 2588 nomen

122 2638 232 2720 ipsum
255 2659 317 2701 non
341 2637 494 2718 nominat,
519 2638 607 2703 cuius
624 2639 671 2702 rei
688 2638 774 2702 aliud
791 2640 972 2722 exemplum
989 2644 1037 2703 est
1051 2638 1140 2705 XVI.
1159 2642 1195 2705 6:

289 2806 319 2862 et
343 2803 442 2862 Samia
465 2804 600 2880 genetrix
624 2823 691 2880 quae
717 2805 892 2864 delectatur.
907 2825 1006 2864 arena.

123 2975 203 3040 Post
225 2999 256 3041 v.
281 2978 322 3041 20
340 2943 440 3060 'poeta
457 2977 562 3041 subito
579 2998 612 3040 se
630 2977 669 3040 ad
686 2977 824 3041 amicum
839 2976 890 3042 his
902 2978 1008 3042 verbis
1021 2979 1193 3044 convertit:

256 3178 414 3252 antiquum
438 3181 577 3236 etvetus
602 3181 646 3236 est
670 3178 808 3249 alienum,
834 3179 984 3249 Postume,
1009 3181 1121 3238 lectum

257 3287 415 3344 concutere
439 3286 531 3360 atque
554 3284 630 3343 sacri
653 3285 774 3360 genium
798 3289 985 3344 contemnere
1009 3286 1107 3345 fulcri.

125 3472 263 3558 Prologo
291 3473 374 3537 enim
399 3474 489 3538 finito
514 3475 553 3538 ad
576 3474 682 3558 ipsum
705 3477 931 3559 argumentum
954 3477 1091 3540 transire
1115 3477 1195 3541 vult.

126 3596 270 3662 Similem
293 3599 514 3662 transitionem
537 3599 571 3662 in
594 3602 653 3663 sat.
671 3596 774 3663 ¹XIII.
801 3599 990 3678 invenimus,
1018 3600 1074 3664 ubi
1100 3604 1197 3684 poeta

124 3726 198 3806 post
222 3722 341 3806 aliquot
364 3746 485 3802 versus,
509 3724 624 3808 quibus
647 3725 806 3804 sententia
827 3724 988 3809 generalis
1005 3725 1196 3805 continetur,

124 3847 187 3911 hoc
210 3849 302 3913 modo
326 3848 503 3912 orationem
526 3848 691 3912 continuat
715 3848 778 3930 (vv.
803 3849 919 3932 5-6):

235 4031 307 4106 quid
330 4032 438 4089 sentire
453 4019 551 4107 putas
575 4051 687 4105 omnes,
712 4031 842 4103 Calvine,
868 4032 980 4092 recenti

235 4138 270 4196 de
294 4139 401 4196 scelere
426 4142 456 4197 et
479 4139 546 4196 fidei
569 4139 689 4198 violatae
714 4140 858 4198 crimine?
