2916 4834
711 351 884 414 -ssg-

260 546 369 589 eorum
392 526 511 607 oscula,
536 549 645 595 eorum
668 527 855 612 complexus
878 531 1043 611 tamquam
1065 527 1199 591 tutiores
1225 549 1337 592 551515

260 648 306 732 (v.
331 651 422 734 366).
470 649 605 716 Omnem
621 673 713 716 sexus
730 652 861 716 feminei
876 653 1030 736 pudorem
1047 652 1201 716 eiusmodi
1217 674 1337 716 uxores

261 797 387 856 51111515,
411 778 513 840 555551
537 798 589 840 eas
613 779 726 842 1115551
752 777 929 860 pervolare,
946 777 1082 841 catervis
1099 787 1137 840 se'
1149 777 1336 840 immiscere

206 940 209 949 ·
260 901 412 980 virorum,
448 923 589 965 rumores
621 906 761 986 captare,
785 923 928 966 rumores
952 901 1161 987 comminisci,
1174 900 1231 982 (1.,
1245 902 1337 983 398).

260 1025 325 1090 Vix
362 1026 448 1090 credi
483 1048 593 1109 posse:
622 1047 690 1090 esse
714 1029 832 1106 tamen,
857 1047 928 1110 quae
952 1026 1033 1089 nihil
1056 1027 1090 1090 in
1113 1048 1166 1090 515
1190 1025 1338 1090 habeant

261 1149 324 1213 nisi
348 1149 525 1214 Homerum
548 1149 794 1235 Vergiliumque
819 1127 862 1232 (1.
887 1149 976 1233 434).

370 1274 647 1340 Ρ111511115111115515
670 1277 810 1359 corporis
833 1277 957 1340 interea
981 1298 1049 1340 esse
1072 1277 1337 1341 conservandam.

264 1398 360 1466 Domi
381 1400 483 1484 igitur
505 1401 602 1464 variis
627 1401 771 1464 artificiis
794 1401 886 1485 quasi
909 1404 1113 1484 personatam
1130 1421 1198 1463 esse
1215 1401 1339 1464 faciem

264 1524 383 1603 uxoris,
418 1524 555 1590 moechis
587 1527 804 1590 tantummodo
837 1525 938 1589 lotam
960 1523 1004 1606 (v.
1029 1524 1117 1606 461).
1164 1523 1241 1590 Non
1264 1525 1335 1590 sine

262 1649 371 1714 multis
396 1671 560 1716 servorum
582 1650 722 1714 lacrimis
745 1650 814 1714 haec
839 1650 945 1714 omnia
968 1649 1049 1714 fieri.

372 1772 437 1838 Sub
461 1773 558 1838 finem
580 1777 675 1857 poeta
697 1775 840 1858 loquitur
870 1775 908 1838 de
933 1773 1213 1857 superstitionibus
1237 1738 1339 1838 muli-

266 1919 365 1962 erum.
412 1895 589 1978 15551555,
613 1898 728 1982 inquit,
761 1899 816 1982 qui
840 1899 925 1982 apud
948 1921 1061 1962 uxores
1085 1920 1118 1962 se
1144 1898 1258 1962 callide
1283 1899 1339 1962 15-

192 2091 193 2101 ,
264 2022 403 2102 sinuant,
428 2024 568 2106 primum
583 2026 694 2088 tenent
710 2021 814 2087 locum
829 2022 970 2088 Bellonae
987 2023 1168 2088 sacerdotes
1185 2022 1337 2106 (1.511),

265 2147 379 2212 deinde
414 2147 562 2233 AEgyptii
597 2147 641 2231 (v.
678 2148 766 2230 522),
805 2148 955 2213 mulieres
990 2145 1128 2212 Iudaicae
1165 2148 1207 2230 (1.
1245 2147 1339 2229 542),

185 2323 189 2332 ,
264 2271 479 2355 Α15151111(1.
511 2273 600 2356 550),
625 2273 767 2338 Chaldaei
790 2273 833 2355 (v.
859 2272 946 2355 553).
994 2273 1057 2337 Eos
1082 2273 1218 2336 consulit
1240 2294 1337 2351 uxor,

264 2398 342 2481 quid
376 2398 481 2461 sidera
515 2399 554 2462 de
589 2401 689 2462 morte
718 2398 826 2462 mariti
849 2398 1051 2481 portendant,
1075 2419 1133 2460 nec
1158 2397 1339 2480 quidquam

264 2522 327 2586 nisi
349 2523 494 2605 inspecta
517 2523 628 2607 genesi
651 2522 757 2586 facere
782 2523 886 2587 audet.
926 2521 1029 2586 Multo
1052 2525 1126 2585 sunt
1148 2511 1259 2586 bestiis
1282 2521 1339 2584 in-

265 2647 399 2710 feriores
433 2646 484 2710 hae
520 2646 667 2711 feminae:
696 2650 812 2711 necant
834 2620 951 2712 liberos
976 2669 1046 2710 suos
1070 2647 1256 2729 priusquam
1279 2667 1338 2709 eos

267 2772 369 2836 enixae
405 2771 479 2849 sint,
516 2771 599 2855 quod
628 2774 736 2834 tamen
759 2772 819 2836 5151
844 2771 930 2836 cordi
954 2793 1022 2835 esse
1046 2793 1109 2835 non
1133 2772 1237 2849 debet,
1261 2792 1338 2834 cum

264 2898 301 2959 tu
335 2918 398 2959 non
428 2896 471 2958 sis
496 2917 604 2960 eorum
627 2899 728 2979 pater,
753 2897 829 2960 licet
852 2896 978 2960 dicaris.
1026 2894 1105 2960 Sunt
1129 2896 1235 2974 551551,
1260 2917 1334 2978 quae

266 3019 387 3103 philtra
410 3019 564 3084 Thessala
588 3023 620 3084 55
643 3043 766 3084 venena
795 3021 966 3085 misceant:
1003 3024 1112 3085 cavete
1136 3023 1212 3084 tuno
1235 3024 1269 3083 tu
1291 3019 1336 3082 li-

266 3145 398 3229 berique
422 3145 479 3225 tui,
511 3168 586 3209 nam
610 3167 628 3208 a
651 3149 751 3210 morte
774 3167 837 3210 non
859 3145 971 3230 procul
994 3145 1107 3209 remoti
1132 3145 1217 3208 estis.
1264 3141 1336 3207 Neo

266 3269 360 3333 modo
393 3269 509 3334 occidit
543 3270 704 3352 proximos
738 3292 826 3349 111151,
862 3292 974 3334 verum
1003 3270 1099 3333 551551
1123 3291 1156 3333 se
1180 3268 1335 3333 occidisse

268 3393 437 3479 gloriatur.
483 3393 612 3478 Hymen
635 3416 653 3458 0
676 3394 863 3477 Hymenaee.

375 3517 454 3582 Haec
479 3519 642 3602 dispositio
666 3541 730 3583 non
753 3519 857 3583 minus
883 3519 980 3604 digna
996 3515 1157 3583 luvenalis
1173 3517 1336 3582 rhetorica

267 3641 437 3726 disciplina
458 3644 585 3708 videtur
608 3666 704 3726 quam
728 3665 775 3722 ea,
799 3666 896 3727 quam
919 3643 1012 3706 finxit
1028 3642 1236 3708 Ribbeckius.
1273 3631 1333 3717 Qui

192 3851 194 3858 Ι
268 3770 304 3832 115
337 3768 443 3831 515515
478 3769 517 3832 ad
548 3765 692 3832 55151551
720 3768 835 3832 fierent
857 3767 996 3851 primum
1020 3768 1112 3851 quasi
1134 3788 1205 3831 ossa
1229 3765 1335 3830 omnia

187 3857 190 3866 Ι
269 3892 409 3975 collegit,
434 3893 546 3956 deinde
571 3892 815 3977 diligentissime
840 3892 972 3971 curavit,
997 3894 1033 3955 ut
1056 3893 1204 3955 accurata
1228 3912 1337 3955 eorum

212 4027 213 4032 ’
269 4016 449 4081 5551555515
485 4021 577 4096 esset,
614 4019 683 4080 tum
717 4037 846 4080 5515515
879 4021 1046 4100 cutemque
1078 4015 1211 4082 addidit.
1258 4013 1336 4079 Cum
