2930 4836
728 473 768 481 —
794 437 858 500 114
882 473 923 482 —-

333 579 336 586 ’
402 611 510 678 simne
535 618 628 698 aeque
652 615 705 678 nn
727 616 765 678 ee
789 615 925 678 nummis
941 615 1094 678 iudicium
1110 613 1269 679 luvenalis
1285 614 1349 678 ans

297 736 374 802 locis
399 738 485 814 feoit,
509 737 593 803 utI.
619 741 692 820 112,
716 738 756 804 V.
783 741 856 819 136,
879 737 938 806 VI.
963 740 1036 817 139,
1061 737 1151 805 XIV.
1168 742 1240 804 ’205
1265 763 1328 823 sqq.

403 863 451 928 Eo
474 887 548 948 pars
572 866 689 944 satirae,
713 887 783 949 quae
808 865 872 928 iam
894 865 1047 948 sequitur,
1069 865 1184 947 inoipit
1200 867 1241 929 ab
1257 865 1350 929 inter-

298 988 462 1070 rogatione
499 988 541 1070 (v.
568 989 654 1071 174),
689 990 729 1053 iis
764 989 932 1053 admodum
967 989 1074 1065 simili,
1099 1011 1179 1072 quas
1202 989 1350 1054 habemus

296 1108 322 1176 I.
362 1114 434 1192 158,
465 1112 510 1178 ¹V.
542 1115 615 1193 156,
650 1112 707 1178 VI.
735 1115 906 1206 161286,
942 1113 982 1178 X.
1007 1115 1081 1177 346.
1129 1111 1349 1198 Occupationis

298 1240 479 1322 exemplum
502 1245 550 1305 est
572 1263 602 1305 v.
629 1242 709 1317 1803
742 1240 849 1304 induci
873 1239 957 1323 opud
980 1236 1165 1303 iuvenalem
1190 1240 1350 1322 occupatio

297 1363 375 1428 nolet
409 1366 574 1450 particulis
605 1366 659 1429 sed
684 1365 733 1448 (ut
755 1362 812 1429 VI.
838 1366 889 1442 38,
916 1365 988 1436 136,
1013 1360 1087 1428 VII.
1115 1364 1188 1443 105,
1213 1363 1253 1427 Χ.
1277 1364 1350 1445 321)

297 1488 349 1552 vel
372 1492 480 1554 tomen
503 1488 574 1572 (VI.
599 1491 665 1572 55).
705 1489 908 1554 Uirouitionis
932 1488 1112 1570 exemplum
1128 1511 1157 1550 v.
1178 1489 1240 1552 185
1257 1487 1352 1552 habe·

296 1633 375 1678 mus.
423 1614 512 1689 Quod
547 1615 585 1678 de
619 1615 822 1678 mulieribus
840 1614 956 1678 dicitur
983 1635 1017 1678 τ’.
1043 1613 1103 1677 191
1132 1615 1240 1696 prodit
1263 1612 1352 1676 Iuve-

298 1739 413 1805 nalem.
459 1738 684 1804 Usitatissimae
708 1739 974 1823 interrogationes
997 1760 1048 1802 vv.
1072 1739 1249 1804 234-235
1272 1743 1351 1816 sunt,

297 1864 393 1948 poulo
428 1864 512 1927 infra
547 1862 590 1945 (v.
626 1864 704 1945 240)
740 1864 810 1928 aliae
846 1867 1023 1926 occurrunt.
1081 1861 1206 1926 Gradus
1241 1863 1289 1926 illi
1321 1868 1353 1926 et

296 2000 493 2074 progressus,
517 1989 571 2072 qui
593 2011 623 2053 v.
649 1991 712 2052 243
734 1988 964 2072 significantur,
981 1987 1119 2050 conferri
1134 1992 1269 2070 possunt
1284 2010 1353 2052 oum

296 2133 343 2193 eo,
368 2114 450 2196 quod
473 2116 581 2177 monet
602 2117 696 2196 poeta
718 2111 761 2178 11.
787 2115 827 2177 82
852 2135 920 2197 sqq.

719 2471 931 2479 ——--—
