2916 4834
557 423 732 486 ..77-

111 619 240 682 333333
275 597 344 663 1333
377 598 514 682 pristina
541 599 597 663 illa
619 603 766 683 tempora
788 599 931 679 lundene,
956 599 1069 664 deinde
1094 619 1179 662 cenae

109 724 361 807 descriptionem
384 724 558 788 continuat.

215 847 463 932 Nonnumquam
487 847 647 914 luvenalis
671 849 891 915 transitionem
915 850 976 914 sibi
994 861 1179 932 comparare

107 973 191 1037 solet
224 974 331 1038 verbis
361 995 432 1058 quae
462 978 535 1048 suut
558 978 571 1038 i
593 995 686 1039 nunc.
733 974 916 1040 Adhibetur
939 975 1008 1038 haec
1031 975 1181 1040 transitio
1280 1011 1285 1021 ·

106 1122 140 1164 v.
176 1100 240 1164 306
277 1099 317 1162 ad
350 1119 410 1182 per
442 1099 548 1164 nobile
573 1121 711 1183 sororum
737 1101 1011 1165 introducendum.
1059 1099 1115 1164 Ofr
1137 1099 1179 1165 X.

110 1211 186 1295 166¹,
212 1225 287 1303 310,
311 1221 387 1289 XII.
412 1224 465 1290 57.

111 1347 154 1413 V.
180 1350 243 1414 349

165 1445 168 1460 Ι
218 1497 338 1572 iamque
363 1497 465 1555 eadem
488 1496 610 1587 summis
633 1498 746 1572 pariter
769 1498 956 1574 minimisque
979 1498 1071 1558 libido

107 1651 244 1715 similior
268 1651 335 1716 eius
359 1653 417 1730 331,
442 1651 554 1735 quiin
578 1655 637 1716 331.
661 1649 686 1716 Ι.
710 1652 830 1738 legitur

217 1803 366 1875 exspectes
390 1799 493 1858 eedem
517 1819 533 1856 3
557 1819 673 1858 summo
695 1800 878 1876 minimoque
902 1804 1001 1876 poete,

106 1975 206 2038 quam
229 1956 264 2018 ut
288 1975 361 2018 eum
384 1954 587 2018 retineamus.
634 1945 831 2019 Ribbeckius
856 1955 890 2038 (l.
907 1955 929 2020 1.
946 1979 977 2039 p.
997 1955 1073 2037 171)
1087 1956 1176 2020 dam-

106 2082 166 2142 nat
201 2100 274 2142 eum
308 2080 473 2162 tamquam
503 2078 646 2142 artificiis
676 2079 913 2163 interpolatoris
937 2081 971 2144 i'n
995 2083 1179 2144 contextum

106 2203 300 2271 immissum:
325 2225 389 2266 non
412 2203 479 2267 sine
503 2204 572 2267 iure
596 2208 632 2267 ut
655 2204 791 2268 videtur.
831 2203 893 2268 Sed
917 2227 989 2268 cum
1005 2206 1177 2272 idemcon-

106 2327 222 2406 tendit,
245 2349 296 2392 vv.
321 2329 496 2392 350-365
520 2327 602 2392 nihil
626 2349 791 2392 commune
816 2351 888 2393 cum
911 2330 950 2395 iis
973 2299 1103 2410 habere,
1121 2332 1176 2414 qui

108 2453 310 2536 praecedunt,
335 2452 463 2516 difficile
487 2455 535 2516 est
560 2453 588 2516 ei
613 2454 770 2518 assentiri.
816 2451 897 2518 'Pota
913 2453 998 2518 enim
1013 2453 1074 2520 hac
1089 2461 1181 2538 parte

107 2577 218 2642 satirae
242 2576 306 2659 (vv.
324 2577 513 2659 300-365)
531 2579 569 2641 de
585 2577 717 2643 libidine
734 2579 904 2642 mulierum
921 2580 1037 2664 agitur.
1077 2579 1178 2666 Ogul-

106 2703 173 2778 nia,
197 2703 302 2785 inquit
325 2701 532 2780 Ribbeckius‚
557 2724 615 2766 nec
639 2703 757 2766 infimae
782 2703 974 2769 condicionis
990 2705 1178 2769 muliercula

105 2849 168 2890 nec
201 2826 410 2909 impudicitiae
445 2848 501 2890 rea
536 2830 593 2892 est.
648 2824 732 2890 Illud
763 2828 858 2893 facile
883 2829 1093 2908 concedimus
1117 2828 1179 2893 hoc

105 2973 173 3014 non
196 2951 284 3016 item.
331 2951 438 3015 Ludos
462 2954 601 3035 spectat3
626 2952 749 3016 3313333
772 2953 882 3017 ludos?
921 2951 1004 3028 Quid
1027 2954 1089 3018 sibi
1110 2953 1180 3020 vult

107 3075 167 3139 illa
189 3075 307 3159 puella,
332 3076 384 3139 cui
406 3078 557 3140 mandata
581 3077 645 3155 det,
670 3081 725 3140 aut
747 3077 834 3142 leves
850 3078 899 3142 illi
915 3078 1067 3142 athletae?
1103 3077 1178 3143 Sine

106 3199 206 3265 dubio
229 3203 262 3264 et
285 3198 426 3284 Ogulnia
449 3205 481 3264 et
504 3223 611 3265 omnes
636 3223 692 3280 eae,
717 3202 833 3284 quibus
857 3225 908 3266 res
930 3208 1068 3288 angusta
1084 3204 1178 3283 domi,

106 3327 241 3407 propter
264 3324 466 3389 immodicam
489 3325 656 3390 libidinem
679 3327 966 3410 reprehenduntur.
1006 3326 1086 3392 Cum
1102 3349 1179 3393 vero
1232 3329 1240 3350 ”

106 3471 159 3513 vv.
185 3450 360 3514 300—345
384 3452 480 3533 poeta
503 3450 653 3533 loquatur
677 3451 715 3515 de
739 3451 925 3516 mulieribus
943 3451 1112 3536 opulentis,
1126 3476 1177 3518 vv.

107 3573 287 3638 350-365
313 3574 411 3637 etiam
435 3576 473 3639 de
497 3575 702 3658 pauperibus
726 3597 854 3640 necesse
880 3578 928 3640 331
943 3577 1179 3642 3333133311-

107 3699 195 3782 quod
218 3702 405 3762 statuamus.
444 3697 507 3762 Sed
530 3700 613 3782 quod
636 3700 798 3763 vinculum
821 3701 924 3786 magis
952 3701 1101 3765 idoneum
1129 3702 1179 3766 in·
1227 3785 1232 3796 ι

107 3823 212 3888 veniri
234 3826 352 3906 potest,
376 3845 473 3908 quam
495 3823 581 3907 quod
603 3847 654 3888 vr.
679 3824 829 3889 350-51
856 3831 918 3890 est:

200 3991 254 4030 nec
278 3971 393 4044 melior,
418 3972 530 4032 silicem
553 3973 677 4048 pedibus
702 3989 771 4048 quae
796 3974 925 4032 conterit
947 3978 1057 4044 atrum,

201 4115 293 4172 quem
317 4115 384 4171 qnae
408 4097 569 4173 longorum
592 4097 711 4156 vehitur
735 4098 848 4157 ceruice
864 4097 1018 4173 Syrorum.
