2916 4834
723 391 967 454 -34-'

384 568 499 633 Paucis
533 568 677 633 versibus
708 573 780 651 post
802 571 908 651 poeta,
932 571 968 631 ut
991 569 1031 632 ad
1053 568 1201 632 incendia
1222 568 1342 648 veniat,
1390 641 1392 648 s

277 716 308 759 vr
334 695 396 759 197
421 693 513 758 inicit

439 842 600 901 vivendum
623 841 760 912 estillic,
783 841 837 900 ubi
860 842 942 898 nulia
965 841 1108 912 incendia,
1133 842 1209 899 nulli

438 951 525 1008 nocte
543 952 645 1006 metus

279 1104 335 1168 ubi
365 1105 491 1167 tantum
521 1104 718 1182 adnotamus,
748 1125 812 1166 non
834 1102 931 1166 licere
955 1124 1027 1166 cum
1050 1079 1237 1167 Heinrichic
1262 1102 1297 1185 (l.
1319 1104 1341 1168 l.

280 1251 312 1312 p.
349 1228 425 1310 154)
460 1221 601 1291 statuere
629 1249 688 1310 per
710 1226 795 1290 hunc
817 1248 945 1291 versum
966 1228 1188 1292 transitionem
1210 1228 1280 1292 fieri
1303 1230 1343 1291 ad

281 1375 388 1462 omnes
419 1355 541 1416 ceteros
568 1351 662 1442 huius
686 1352 803 1416 satirae.
849 1352 978 1415 Etenim
1002 1352 1040 1416 de
1063 1352 1187 1416 furibus
1211 1353 1342 1436 quaestio

280 1499 344 1541 non
377 1480 425 1541 est
456 1476 518 1540 nisi
540 1498 570 1541 v.
596 1478 671 1554 302,
695 1477 750 1559 qui
772 1498 882 1540 versus
907 1476 1032 1540 exalia
1054 1477 1242 1542 transitione
1266 1500 1348 1561 pen--

283 1602 347 1682 det,
372 1624 444 1686 quac
469 1605 517 1666 est
539 1624 569 1665 v.
594 1602 658 1666 268

441 1767 553 1844 respice
576 1786 654 1825 nunc
678 1767 736 1824 alia
760 1786 794 1825 ac
818 1767 933 1826 diversa
956 1767 1088 1842 pericula
1112 1769 1206 1826 noctis

286 1926 318 1986 et
340 1922 471 2006 propius
495 1922 592 1998 etiam
614 1944 644 1986 v.
669 1923 732 1986 302

444 2106 497 2146 nec
520 2090 620 2145 tamen
642 2088 705 2145 haec
727 2089 848 2144 tantum
870 2090 996 2146 metuas.

391 2241 443 2305 Ad
465 2264 495 2305 v.
520 2243 584 2306 200
609 2240 657 2322 (tu
679 2242 782 2305 nescis
807 2278 846 2285 -
872 2264 946 2306 nam
970 2240 1010 2324 si)
1033 2240 1190 2306 Weidner
1212 2242 1248 2324 (l.
1271 2243 1292 2306 l.
1313 2265 1344 2326 p.

285 2366 341 2449 83)
376 2389 468 2431 usum
502 2365 668 2449 particula
703 2389 778 2430 narn
807 2367 948 2447 adnotat,
973 2368 1063 2450 quasi
1087 2367 1208 2450 aliquid
1231 2368 1305 2432 novi
1329 2390 1350 2431 a

284 2493 381 2575 poeta
412 2489 555 2555 addatur.
601 2488 715 2574 Neque
745 2495 853 2554 tamen
875 2492 1102 2576 intellegimus,
1127 2512 1183 2555 cur
1205 2514 1268 2555 non
1290 2513 1347 2575 po·

284 2615 347 2680 tius
371 2615 466 2695 dicat,
499 2615 691 2698 particulam
713 2618 931 2680 tantummodo
954 2617 1019 2681 vim
1043 2615 1268 2699 explicativam
1290 2616 1348 2680 ha·

285 2741 377 2806 bere:
413 2743 448 2804 tu
483 2739 586 2804 nescis
616 2726 802 2823 periculum,
833 2764 907 2804 narn
929 2742 956 2804 si
979 2742 1013 2804 in
1036 2742 1100 2804 ima
1123 2744 1214 2824 parte
1239 2741 1347 2805 domus

285 2865 467 2928 incendium
502 2864 612 2944 oritur,
648 2867 683 2929 tu
719 2866 847 2930 ultimus
883 2865 1019 2930 ardebis,
1072 2865 1221 2930 Alterum
1254 2865 1348 2928 huius

285 2989 388 3054 simile
412 2988 592 3072 exemplum
614 3011 644 3053 v.
670 2990 732 3054 132
755 2989 923 3054 habuimus
947 2990 1043 3072 (alter
1066 2990 1174 3072 enim),
1198 2992 1254 3056 ubi
1269 3013 1347 3054 sen·

285 3113 419 3179 tentiam
442 3112 619 3196 simplicem
643 3114 814 3197 explanare
838 3116 944 3179 conati
967 3137 1085 3180 sumus,

393 3238 575 3322 Antequam
609 3238 690 3302 hanc
721 3242 779 3302 sat.
810 3235 871 3304 ΙΙΙ.
894 3243 1029 3322 partem,
1053 3240 1109 3303 ubi
1132 3240 1171 3304 de
1194 3240 1350 3304 incendiis

289 3363 408 3450 agitur,
433 3361 649 3447 relinquimus
673 3385 821 3448 quaenum
844 3364 885 3427 sit
908 3367 1015 3428 nostra
1038 3365 1077 3428 de
1093 3387 1124 3428 v.
1143 3365 1205 3427 218
1222 3369 1353 3428 senten-

286 3489 343 3568 tia,
375 3486 516 3552 breviter
540 3508 742 3572 exponemus,
766 3510 840 3552 nam
862 3488 971 3552 multa
996 3491 1027 3552 et
1050 3487 1146 3552 variae
1171 3493 1353 3552 occurrunt.

242 3691 245 3702 ¹
289 3611 397 3698 Vulgo
422 3610 541 3698 legitur

448 3777 510 3836 hoec
533 3775 713 3836 Asianorum
735 3782 837 3837 vetera
860 3781 1034 3838 ornamenta
1058 3779 1190 3838 deorum.

289 3931 370 3996 Turn
393 3951 468 3996 vero
491 3929 653 4014 quaritur,
678 3952 753 3994 num
776 3931 836 3996 hcc
858 3933 893 3996 in
909 3955 1086 3998 sermonem
1101 3929 1259 3997 Iuvenalis
1273 3954 1355 4016 qua-

289 4056 369 4122 dret.
409 4053 552 4140 Quinque
576 4058 649 4127 sunt
665 4075 783 4136 versus,
800 4078 935 4140 quorum
949 4057 983 4121 in
998 4060 1156 4141 quattuor,
1173 4057 1229 4142 qui
1241 4079 1353 4121 ornnes
