2930 4836
574 441 768 504 —103—

131 619 246 694 fixam,
277 617 332 702 qui
356 618 496 697 audiant,
522 641 589 682 esse
613 618 782 683 haesuram.
829 618 972 684 Primum
996 621 1080 684 enim
1104 621 1135 684 in
1161 621 1200 684 iis

134 744 294 823 versibus,
330 744 385 808 ubi
421 765 524 807 sermo
559 748 608 806 est
643 743 680 808 de
705 745 843 827 antiquis
867 745 931 808 illis
955 749 987 808 et
1009 745 1201 808 felicissimis

135 869 348 951 temporibus
362 867 425 950 (vv.
451 867 792 950 38—52),1multade
816 860 876 932 diis
900 873 932 934 et
956 870 1074 933 deabus
1098 870 1200 936 iocose

137 994 227 1056 dicta
260 994 447 1075 reperimus,
476 1014 546 1075 quae
570 993 699 1076 quidem
722 994 816 1060 nimis
841 995 973 1058 audacia
997 998 1029 1057 et
1052 998 1205 1078 proterva
1287 1065 1289 1076 Ι

136 1117 241 1180 videri
276 1117 426 1200 possint3.
449 1117 503 1180 sed
539 1118 615 1200 quid
650 1115 818 1196 Iuvenalis,
847 1119 874 1180 si
897 1141 947 1182 res
968 1119 1121 1182 attentius
1145 1141 1200 1182 ex·

136 1241 295 1324 quiratun
334 1242 371 1304 de
407 1241 539 1308 numine.
572 1242 701 1305 deorum
734 1243 861 1321 sentiat,
885 1247 1093 1326 perspectum
1110 1243 1201 1306 nobis

135 1369 199 1444 est,
234 1371 269 1430 ut
302 1366 335 1429 id
370 1387 470 1450 genus
506 1367 601 1444 diota,
637 1366 744 1449 qualia
768 1366 820 1430 hic
843 1366 1006 1445 habemus,
1032 1368 1071 1430 ad
1096 1368 1202 1431 vivum

136 1513 285 1554 resecare
309 1512 371 1554 non
395 1513 472 1573 opus
497 1491 548 1554 sit.
584 1491 632 1555 De
657 1491 796 1573 antiquis
819 1491 936 1556 fabulis
960 1493 1061 1574 deque
1077 1492 1202 1556 usitatis

134 1616 363 1700 perceptisque
378 1690 380 1698 Α
398 1616 635 1700 cognitionibus
660 1617 791 1679 deorum
814 1605 913 1679 iocari
935 1619 1055 1698 potest:
1081 1616 1119 1679 de
1143 1639 1202 1682 nn·

135 1741 225 1804 mine
262 1763 369 1804 eorum
404 1762 465 1804 non
501 1741 589 1804 item.
636 1739 729 1804 Alter
764 1744 812 1803 est
846 1740 933 1804 locus
957 1739 1019 1822 (vv.
1046 1741 1200 1822 (rt-70),

133 1867 195 1930 ubi
221 1867 336 1950 probos
360 1865 504 1929 homines
528 1869 593 1928 tam
617 1837 704 1929 raros
730 1887 797 1928 esse
821 1865 907 1942 dicit,
933 1868 977 1944 ut,
1001 1866 1055 1948 qui
1079 1865 1202 1929 inveni·
1232 1847 1233 1851 Ἰ

133 1995 245 2066 antur,
282 2013 354 2054 cum
389 1991 498 2074 quovis
521 1994 661 2054 monstro
685 1990 822 2054 conferri
845 1991 977 2072 possint,
1002 2012 1072 2072 quas
1096 1992 1202 2054 omnia
1269 1965 1272 1973 ¹

135 2118 257 2180 mirum
284 2117 468 2180 in‘modum
494 2119 680 2207 exaggerat,
703 2116 759 2178 sed
783 2112 967 2180 Iuvenalem
990 2116 1201 2199 agnoscimus

132 2241 229 2316 Quod
268 2241 363 2304 etiam
398 2241 483 2304 valet
518 2241 555 2303 de
580 2241 629 2319 iis,
654 2263 724 2323 qnae
748 2240 843 2322 paulo
866 2239 949 2302 infra
973 2243 1036 2315 (vv,
1061 2242 1202 2316 78-85)

135 2367 308 2450 leguntur;
333 2369 400 2430 tota
418 2366 484 2428 illic
501 2367 747 2428 armamentaria
762 2365 832 2429 caeli
848 2369 1076 2447 perscrutatur.
1111 2364 1202 2428 Adde

134 2513 193 2555 vv.
219 2491 403 2570 112—119,
428 2491 482 2573 qui
506 2511 615 2554 versus
639 2490 896 2554 consuetudinem
922 2492 1022 2572 poetae
1045 2490 1203 2554 scribendi

135 2616 258 2679 mirum
286 2619 439 2698 quantum
463 2615 601 2697 produnt
623 2615 858 2699 maximamque
883 2614 1123 2678 similitudinem
1145 2614 1203 2678 ho·

134 2743 220 2804 bent
254 2761 326 2803 cum
361 2740 442 2816 aliis,
471 2739 580 2822 quiin
606 2740 765 2821 prioribus
788 2740 895 2802 satiris
918 2739 1078 2822 leguntur.
1126 2735 1202 2813 Quas

132 2865 247 2929 omnia
281 2865 417 2946 probant
444 2861 626 2927 Iuvenalem
651 2864 712 2928 sibi
736 2868 892 2928 constare.
941 2863 1203 2950 Compositaqest,

134 2988 246 3072 inquit
283 2987 486 3052 Heinrichius
505 2989 538 3069 ¹),
574 2988 643 3052 haec
679 2990 777 3052 satira
804 2989 877 3053 stilo
899 3011 973 3052 vere
998 2986 1203 3052 Iuvenaliano

137 3118 176 3177 et
200 3135 237 3177 ea
260 3114 490 3198 indignatione,
514 3135 584 3197 qnae
610 3114 759 3177 admixtis
782 3095 962 3178 salibusssae
983 3113 1107 3177 facetiis
1123 3117 1203 3176 tem-

135 3242 282 3322 peratur.
329 3238 427 3303 Recte
451 3239 580 3302 iudicat.

253 3360 321 3426 Iam
367 3364 573 3428 transitiones
618 3364 712 3427 huius
758 3363 864 3426 satirae
904 3362 1203 3427 animadvertamus,

136 3487 313 3566 Quaeritur,
348 3488 502 3552 subitaene
534 3488 597 3550 sint
621 3492 653 3551 et
676 3487 855 3571 improvisae
879 3509 989 3550 necne.
1035 3485 1111 3551 Non
1134 3488 1203 3571 pla·

137 3615 217 3676 cent
250 3611 390 3688 Weiseo,
420 3613 535 3694 quide
560 3613 798 3677 transitionibus
822 3610 1035 3676 luvenalianis
1051 3613 1204 3676 ‘universe

137 3737 193 3802 his
229 3738 334 3802 verbis
369 3737 498 3801 iudicat.
546 3735 731 3800 Saturarum
767 3741 884 3820 partes,
912 3738 1026 3822 inquit,
1049 3760 1112 3800 non
1138 3743 1204 3801 arte

140 3863 227 3926 inter
261 3884 294 3924 se
330 3883 466 3925 conexas
501 3865 534 3926 et
566 3865 656 3944 aptas
680 3883 748 3924 esse
772 3862 931 3925 neminem
954 3863 1067 3947 fugere
1092 3865 1204 3945 potest,

254 4126 273 4196 ¹)
293 4128 426 4182 Hnrunrcn
446 4128 463 4182 l.
484 4127 502 4180 l.
521 4127 542 4180 Ι.
561 4145 588 4196 p.
609 4127 667 4180 121.
