2930 4836
677 411 877 474 ‘-86—

258 594 291 654 et
313 591 404 654 finita
428 590 639 673 explicatione
664 611 700 652 eo
715 589 808 665 redit,
825 589 908 652 unde
926 588 1097 652 declinavit
1112 588 1224 652 oratio.
1259 587 1322 651 Est

258 717 359 800 igitur
381 735 431 780 vv.
457 713 586 778 83-92
610 714 731 777 reditus
755 713 795 776 ad
818 713 1025 796 propositum,
1041 735 1104 776 non
1119 712 1248 796 ineptus
1264 712 1323 774 sed

259 843 352 926 aptus
377 843 409 902 et
432 839 625 945 commodus.
672 933 675 939 .

364 962 405 1028 V.
430 951 658 1046 lssdescriptio
673 963 874 1046 tempestatis
890 963 1042 1046 sequitur,
1060 983 1130 1045 quae
1148 961 1323 1044 descriptio

258 1091 306 1152 tot
340 1069 431 1152 curas
465 1087 541 1150 viris
577 1088 676 1151 doctis
713 1087 832 1152 attulit.
879 1085 1000 1150 Omitto
1034 1069 1124 1150 usum
1154 1086 1322 1169 particulae

221 1263 224 1272 ,
260 1210 397 1294 cun1(v.
423 1211 488 1294 20),
513 1235 583 1296 quae
608 1212 759 1277 hocloco
783 1212 1031 1276 commodanon
1055 1216 1112 1291 est,
1138 1213 1171 1274 et
1193 1214 1323 1274 transeo

91 1333 97 1370 7
260 1338 301 1400 ad
323 1361 373 1404 vv.
398 1339 542 1402 22-24:

912 1475 1009 1534 omnia
1032 1476 1108 1534 fiunt

399 1585 482 1653 talia,
506 1588 569 1642 tam
592 1583 734 1658 graviter,
760 1583 784 1640 si
807 1584 926 1658 quando
950 1583 1065 1658 poetica
1088 1583 1186 1660 surgit

400 1693 562 1766 tempestas

243 1954 245 1960 Ι
367 1870 427 1947 Qui
451 1894 570 1949 versus,
596 1875 631 1957 pt
653 1872 800 1951 vidimua
825 1871 1046 1936 Haenickeum
1062 1871 1268 1954 impulerunt,
1284 1877 1323 1935 nt

261 2019 308 2075 ea,
333 2019 403 2080 quae
428 2000 611 2080 sequuntur,
637 2019 655 2058 a
678 1993 828 2097 Iuvenale
853 1997 1090 2060 dissimulanter
1111 1997 1232 2078 scripta
1252 2018 1322 2060 esse

261 2122 476 2186 contenderet.
516 2121 662 2196 Editores
686 2120 744 2185 hos
767 2141 877 2184 versus
900 2121 997 2204 vulgo
1019 2121 1066 2185 ita
1090 2122 1269 2197 emendant,
1286 2125 1323 2184 ut

262 2267 321 2330 pro
344 2246 371 2309 si
395 2247 520 2329 quando
544 2246 655 2330 legant
678 2267 774 2329 quam
797 2245 955 2328 quando·
973 2245 1068 2310 Cuius
1093 2245 1323 2310 emendationis

261 2375 371 2434 auctor
395 2369 674 2434 Schurzfleischius
698 2393 767 2434 esse
790 2370 925 2449 videtur,
950 2371 1204 2466 quemxsequitur
1221 2369 1322 2434 Hein-

134 2580 136 2588 .
260 2496 389 2560 richius
435 2497 536 2561 Addit
570 2495 833 2578 hicl),'lauda1·i
867 2492 1058 2559 aluvenale
1082 2498 1202 2578 poetaa
1226 2495 1252 2558 si
1276 2495 1323 2558 le-

261 2621 408 2696 ctionem,
444 2643 514 2704 quae
543 2625 590 2686 est
614 2622 640 2684 si
664 2622 798 2706 quando,
825 2599 1026 2697 retineamus
1050 2619 1133 2702 quod
1157 2595 1323 2682 consilium

260 2742 419 2809 luvenalis
444 2768 511 2810 esse
535 2749 642 2830 negat.
682 2743 768 2824 Nam
791 2745 818 2808 si
839 2766 896 2827 pro
911 2743 962 2807 his
979 2745 1084 2808 verbis
1101 2743 1202 2806 altera
1217 2744 1321 2820 lectio,

261 2891 331 2952 quae
368 2874 417 2933 est
440 2892 536 2953 quam
559 2871 694 2953 quando,
719 2870 915 2948 admittatur,
940 2869 1039 2932 multo
1065 2868 1228 2932 meliorem
1252 2868 1322 2931 fieri

262 2995 454 3058 sententiam
478 2995 656 3092 contendit:
693 2993 798 3058 omnia
820 2998 888 3058 tam
911 2994 1025 3057 misere
1050 2993 1202 3071 evenisse,
1227 3015 1321 3076 quam

262 3118 346 3203 apud
380 3122 490 3203 poetas
515 3119 595 3204 fingi
619 3119 750 3184 soleant.
796 3117 870 3184 Non
893 3119 1027 3182 multum
1051 3118 1196 3196 interest,
1221 3139 1321 3201 quan·

261 3245 329 3305 tum
356 3266 416 3329 ego
441 3245 542 3323 video,
566 3244 649 3307 inter
672 3243 754 3306 hanc
779 3248 811 3308 et
833 3244 922 3308 illam
945 3243 1145 3306 sententiam.
1191 3240 1252 3317 Qui
1275 3242 1321 3305 le-

262 3367 399 3432 ctionem
421 3369 448 3432 si
464 3368 590 3452 quando
606 3369 754 3447 retinent,
771 3369 816 3434 sic
832 3368 936 3432 locum
953 3367 1127 3450 explicant:
1152 3358 1321 3430 eiusmodi

262 3493 459 3557 calamitates
484 3495 567 3577 apud
585 3497 696 3577 poetas
712 3494 873 3578 leguntur,
892 3515 963 3557 cum
978 3494 1186 3575 tempestates
1204 3493 1322 3554 descri-

262 3618 351 3681 bunt.
398 3616 458 3693 Qui
482 3618 615 3682 alteram
638 3618 806 3682 lectionem
829 3617 1014 3700 praeferunt,
1038 3618 1072 3680 in
1095 3616 1179 3680 hunc
1195 3617 1323 3680 modum

262 3764 371 3806 versus
409 3743 677 3825 interpretantur:
715 3743 914 3807 calamitates
950 3742 1067 3807 Catulli
1101 3742 1182 3805 tales
1221 3745 1322 3818 erant,

262 3868 376 3950 quales
407 3891 426 3931 a
461 3868 563 3952 poetis
597 3869 721 3932 narrari
755 3868 867 3932 solent.
915 3867 977 3932 Cur
1000 3889 1078 3951 opus
1102 3870 1150 3930 est
1173 3866 1323 3930 emenda-

373 4097 392 4168 ¹)
413 4099 545 4153 Hammon
564 4099 583 4153 l.
603 4098 621 4152 l.
641 4099 676 4152 ΙΙ.
694 4117 722 4168 p.
741 4097 802 4151 444.
