2916 4834
694 383 934 468 ,-co-·

285 585 363 647 quos
399 585 471 627 cum
505 562 640 648 singulis
674 562 761 625 vitiis
790 561 910 644 aliquid
933 583 1097 625 commune
1121 559 1242 624 habere
1267 562 1362 658 arbi-

285 668 398 753 tretur.
451 687 503 752 Sic
537 685 730 752 rhetoricam
764 685 925 750 luvenalis
960 686 1162 770 disciplinam
1194 685 1361 750 aiudicio

179 843 184 848 ·
285 815 427 898 maligno
461 814 711 876 obtrectatorum
745 811 907 876 vindicare
943 812 1059 890 studet,
1095 833 1192 895 quam
1226 812 1361 874 tantum

287 940 378 1003 abest
401 941 478 1003 uta
501 941 597 1021 poeta
621 937 803 1002 abiudicare
827 936 970 1016 velimus,
995 941 1031 1000 ut
1054 940 1162 1000 eontra
1180 937 1250 1000 eius
1263 937 1361 1020 quasi

287 1064 452 1147 proprium
482 1063 610 1146 aliquod
638 1083 706 1126 esse
730 1084 956 1126 asseveremus.
1003 1061 1073 1126 Hoc
1096 1064 1223 1124 tantum
1245 1083 1362 1125 mone-

288 1211 369 1268 mus,
404 1188 581 1252 cavendum
615 1209 693 1265 esse,
724 1209 764 1250 ne
793 1187 892 1250 nimio
915 1187 1019 1250 studio
1041 1187 1164 1250 incensi
1187 1190 1294 1269 poetae
1320 1189 1363 1251 li·

289 1314 407 1378 bertati
430 1312 591 1377 scribendi
614 1312 799 1376 officiamus.

399 1437 573 1502 Videamus
609 1437 764 1520 quomodo
798 1434 958 1500 luvenalis
990 1436 1063 1499 inde
1094 1460 1113 1499 a
1135 1436 1296 1520 principio
1322 1439 1364 1501 ad

290 1565 387 1629 finem
410 1563 515 1626 satirae
541 1563 627 1646 agat.

397 1687 494 1751 Brevi
516 1687 678 1770 proposito
701 1687 840 1767 exordio,
865 1708 927 1770 quo
949 1709 1052 1750 mores
1070 1687 1271 1770 antiquitatis
1287 1711 1364 1752 mu-

293 1813 407 1876 lierum
442 1813 680 1892 adumbrantur,
710 1815 806 1896 poeta
833 1813 952 1876 transit
975 1813 1015 1875 ad
1039 1833 1168 1876 causam
1191 1812 1363 1896 explican-

294 1938 376 2016 dam,
413 1959 468 2000 cur
502 1937 584 2001 hanc
619 1939 751 2001 satiram
781 1937 960 2020 scripserit:
985 1959 1019 2000 se
1044 1938 1129 2000 enim
1152 1939 1363 2021 comperisse,

294 2064 432 2127 amicum
454 2085 586 2126 uxorem
610 2085 678 2126 esse
703 2064 872 2126 ducturum
895 2062 937 2144 (1.
963 2062 1030 2144 25).
1077 2061 1166 2136 Quod
1190 2062 1363 2126 consilium

295 2210 367 2251 cum
389 2187 484 2251 nimis
508 2187 657 2251 stolidum
679 2188 834 2266 videatur,
859 2187 893 2250 in
915 2188 1068 2271 proximis
1091 2188 1236 2252 versibus
1259 2189 1364 2252 variis

294 2312 395 2376 modis
430 2312 573 2376 cavillari
606 2334 669 2377 non
702 2313 830 2376 omittit.
877 2312 984 2395 Atque
1014 2316 1050 2377 ut
1073 2313 1221 2377 ostendat
1244 2313 1363 2392 amic0,

295 2459 392 2520 quam
426 2411 565 2500 difficile
588 2438 630 2501 sit
658 2438 791 2521 probam
815 2439 847 2500 et
869 2437 1037 2501 honestam
1059 2460 1192 2502 uxorem
1216 2438 1365 2520 adipisci,

296 2561 434 2644 primum
471 2584 523 2625 eas
557 2561 706 2626 mulieres
741 2563 916 2640 collustrat,
948 2563 1063 2645 quibus
1086 2585 1195 2626 omnes
1218 2563 1363 2645 porticus

296 2683 484 2770 theatraque
509 2687 614 2750 omnia
636 2691 704 2752 tum
727 2687 948 2751 redundabant
963 2686 1006 2769 (v.
1025 2687 1090 2769 60).
1127 2687 1363 2762 (1111111111-

297 2813 398 2874 tatem
428 2832 499 2874 cum
529 2814 602 2893 apte
632 2812 873 2906 1111111111,111
895 2812 1048 2875 maiorem
1072 2812 1134 2876 sibi
1157 2812 1253 2875 fidem
1277 2833 1366 2875 com-

298 2939 400 3020 paret,
424 2935 622 3000 notissimam
644 2936 734 3000 illam
757 2937 795 3000 de
818 2935 925 3019 Eppia
948 2937 1101 3001 fabellam
1125 2937 1213 3000 addit
1234 2936 1278 3017 (1.
1296 2936 1365 3019 82).

299 3057 333 3126 Si
367 3060 437 3143 quis
474 3064 581 3124 autem
610 3061 759 3145 graviora
789 3061 887 3124 etiam
910 3061 1098 3124 documenta
1122 3061 1291 3138 desideret,
1317 3061 1366 3124 al·

299 3189 404 3250 terum
436 3183 619 3268 etquidem
641 3186 771 3269 gravius
796 3186 976 3268 exemplum
999 3185 1187 3269 corruptelae
1211 3185 1366 3250 inauditae

300 3311 433 3392 praebet,
458 3331 530 3373 cum
553 3309 752 3374 excursiones
768 3314 938 3374 nocturnas
954 3310 1134 3375 Messalinae
1152 3311 1186 3373 in
1200 3309 1272 3374 luce
1289 3310 1367 3374 solis

184 3457 188 3470 ·
302 3434 463 3498 examinat
486 3432 528 3515 (v.
556 3435 642 3518 115).
688 3435 882 3499 Adfirmanti
906 3435 1018 3513 amico,
1035 3457 1104 3498 rem
1119 3439 1267 3498 nontam
1280 3435 1367 3498 male

303 3579 335 3622 se
374 3557 493 3622 habere
527 3559 705 3643 multasque
740 3581 853 3624 uxores
888 3583 906 3622 a
940 3559 1065 3623 maritis
1099 3560 1234 3638 laudari,
1269 3563 1365 3642 poeta

303 3681 471 3764 respondet
500 3681 543 3766 (v.
569 3683 656 3767 137),
689 3684 761 3748 illas
783 3684 893 3750 laudes
917 3688 972 3748 aut
995 3684 1060 3748 doti
1083 3683 1190 3747 uxoris
1215 3686 1270 3747 aut
1293 3683 1364 3765 pul·

304 3805 476 3872 claritudini
509 3807 617 3887 tribui,
653 3807 776 3892 sibique
811 3829 844 3872 se
878 3808 1073 3891 persuasisse
1107 3807 1194 3886 dicit,
1218 3807 1363 3872 laudibus

304 3953 396 3996 cums
419 3953 542 4016 quoque
567 3931 649 3997 olam
672 3932 852 4011 immisceri,
877 3954 949 3997 cum
970 3933 1130 4015 imperare
1147 3937 1180 3995 et
1194 3931 1362 4015 pecuniam

305 4076 436 4142 erogare
460 4055 547 4122 nulla
569 4079 648 4122 uror
670 4079 732 4122 non
756 4063 870 4122 amet..
896 4057 977 4122 Tum
1001 4058 1121 4122 amicus
1144 4058 1270 4141 quaerit,
1293 4055 1363 4119 nul·
