2930 4836
615 461 787 524 „99-

166 641 236 702 tam
270 639 339 703 arte
370 660 441 702 cum
464 638 504 702 iis
526 639 636 702 iuncte
659 643 742 718 sunt,
766 661 837 722 quse
860 661 911 704 vv.
937 625 1067 704 70—74
1089 641 1141 705 vel
1165 642 1229 706 iam

163 764 200 828 in
235 764 365 827 exordio
390 764 552 848 leguntur,
578 768 622 843 ut,
646 763 836 828 intermissis
860 788 910 829 vv.
937 765 1100 845 75-119,
1125 766 1247 846 οοὴεθη

163 893 238 953 rent
239 890 270 952 ia
224 888 362 951 tullo
386 889 514 953 modot
501 889 625 954 turbari
649 889 753 954 dicct
720 893 781 953 tur.
829 888 890 954 Vv.
916 891 1023 953 1204-
1027 891 1091 958 173
1114 892 1229 975 ampli-

162 1015 251 1080 ficat‘
243 1036 347 1078 ronem
370 1017 527 1097 praeterea
551 1015 753 1078 continente
756 1014 876 1078 t'vel
866 1014 929 1098 ipsi
945 1015 1072 1078 defendi
1088 1020 1229 1098 possunt,

161 1161 359 1230 quamquam
393 1161 458 1204 non
480 1161 572 1224 nege,
604 1160 769 1203 commune
793 1161 845 1202 eos
870 1123 991 1224 aliquid
1014 1139 1133 1205 habere
1158 1163 1229 1205 cunr

160 1265 216 1343 iis,
252 1286 322 1347 quae
359 1267 606 1328 anttecesserun
582 1263 683 1326 tA
717 1286 767 1328 vv.
801 1263 883 1327 70-
890 1265 931 1327 74
956 1265 995 1328 ad
1018 1287 1068 1328 vr
1095 1266 1135 1328 75
1160 1288 1229 1350 sqq.

160 1393 261 1473 poeto
295 1390 430 1453 transire
465 1389 561 1452 facile
596 1389 982 1472 poteratcum,allat't1s
1013 1389 1078 1452 iilis
1101 1391 1229 1456 maioris

161 1515 275 1578 damni
298 1515 464 1596 exemplis,
489 1514 519 1577 ei
542 1513 576 1578 in
598 1517 739 1578 mentem
761 1481 886 1586 reniret
910 1515 949 1606 de
971 1515 1068 1578 variis
1085 1515 1229 1579 artificiis
1343 1601 1345 1604 Ι

160 1639 332 1716 disserere,
357 1639 471 1722 quibus
488 1638 631 1702 homines
648 1639 901 1722 perfidiosissimi
916 1642 964 1702 tot
980 1641 1094 1702 ettam
1110 1661 1229 1724 magna
1271 1671 1273 1678 v

159 1765 253 1826 furta
276 1764 427 1848 obtegere
452 1764 606 1828 solebant.

273 1887 443 1972 Duplicem
465 1891 574 1951 tamen
598 1910 670 1952 cum
686 1887 840 1952 Teuffelio
857 1889 1073 1954 recensionem
1089 1891 1228 1954 statuere

159 2011 382 2097 Mosengelius
417 2035 480 2077 non
513 2013 593 2091 vult,
629 2035 701 2076 cum
724 2013 873 2095 repetitio
898 2013 1038 2078 eiusdem
1062 2015 1229 2078 sententiae

160 2137 253 2219 apud
286 2134 469 2202 Iuvenalem
503 2159 567 2201 non
603 2141 725 2204 certum
760 2137 896 2221 duplicis
928 2139 1120 2203 recensionis
1146 2139 1230 2204 indi·
1256 2157 1261 2173 f

160 2262 251 2326 cium
275 2262 325 2341 sit,
345 2262 383 2325 *id
406 2263 490 2345 quod
513 2262 591 2326 mihi
616 2285 740 2346 quoque
763 2263 899 2328 videtur.

273 2385 469 2456 Ribbeckius
491 2391 591 2451 totam
615 2387 746 2450 satiram
769 2410 788 2450 a
811 2385 961 2452 iuvenale
985 2387 1114 2470 quidem
1138 2388 1229 2451 abiu·
1296 2423 1297 2430 κ

160 2509 262 2590 dicet,
286 2511 354 2575 vult
377 2514 484 2574 tamen
508 2512 605 2574 etism
621 2511 870 2588 declamationis,
888 2533 983 2594 quam
999 2515 1101 2590 vocat,
1118 2533 1228 2576 versus

159 2635 199 2698 in
224 2635 366 2698 ordinem
389 2640 512 2699 certum
528 2631 567 2699 'et
590 2636 790 2719 probabilem
814 2636 973 2720 redigere,
990 2658 1086 2720 quam
1103 2637 1143 2701 ob
1160 2659 1228 2700 rem

158 2760 266 2824 multa
289 2782 375 2824 more
400 2782 456 2824 suo
481 2761 611 2852 damnet
627 2763 691 2840 aut,
708 2760 735 2824 si
750 2761 878 2836 retinet,
896 2761 960 2826 alio
973 2761 1043 2825 loco
1058 2761 1193 2826 collocat
1206 2762 1228 2836 ¹)

161 2884 246 2948 Cum
270 2885 372 2969 igitur
394 2884 453 2948 hos
475 2905 585 2948 versus
609 2884 812 2965 (ror-158)
836 2886 986 2970 legisset:

236 3077 299 3134 heec
323 3078 416 3151 quota
439 3095 508 3152 pars
532 3077 686 3146 scelerum,
711 3095 778 3152 quae
802 3079 901 3136 custos
926 3076 1057 3136 Gallicus
1080 3077 1162 3135 urbis

236 3202 331 3258 usqne
356 3204 373 3240 a
395 3183 520 3242 lucifero
544 3183 636 3240 donec
659 3184 711 3240 lux
734 3183 851 3242 occidat
874 3183 978 3242 audit?

160 3364 246 3429 nulli
279 3369 353 3448 post
387 3387 439 3428 eos
475 3365 580 3448 aptius
616 3364 776 3428 inserendi
811 3364 923 3429 cirisi
946 3368 1030 3443 sunt,
1054 3386 1151 3448 quam
1174 3365 1229 3448 qui

161 3489 250 3572 apud
274 3492 395 3554 ceteros
419 3488 554 3554 editores
578 3490 612 3552 in
636 3490 766 3554 exordio
788 3489 940 3574 leguntur
964 3490 1113 3554 23—25:

273 3692 339 3748 quse
363 3677 426 3732 tam
450 3673 525 3731 festa
549 3673 619 3744 dice,
643 3676 680 3731 ut
703 3676 797 3732 cesset
820 3674 945 3750 prodere
969 3673 1077 3742 furem,

271 3779 435 3856 perfidiam,
459 3781 579 3838 fraudes
603 3784 694 3854 atque
717 3780 798 3839 omni
821 3799 858 3839 ex
884 3780 1005 3838 crimine
1028 3772 1151 3838 lucrum

266 3887 432 3962 quaesitum
456 3890 485 3944 et
507 3889 610 3962 partos
633 3887 733 3962 gladio
756 3888 805 3946 vel
827 3887 934 3963 pyxide
958 3889 1117 3947 nummos?

160 4051 377 4064 ..α-...-

275 4145 294 4214 ¹)
314 4147 434 4200 emm
454 4146 472 4199 1.
493 4145 511 4200 1.
530 4131 746 4214 pp.'144-145.
