2930 4836
589 449 784 512 —131—

175 702 177 713 Ι
262 650 331 688 narn
355 631 488 706 quisquis
511 630 612 706 magni
636 649 739 690 census
762 630 904 706 praecepit
927 649 1057 690 amorem

262 740 292 796 et
314 738 391 795 laevo
413 738 530 796 monitu
552 756 660 812 pueros
683 737 823 813 producit
846 756 965 796 avaros:

262 861 345 919 aeque
369 863 422 919 per
445 844 564 902 fraudes
588 844 766 919 patrimonia
791 844 999 919 conduplicare

263 952 314 1009 dat
336 951 506 1010 libertatem
530 954 560 1008 et
582 954 661 1009 totas
686 949 811 1008 effundit
834 951 972 1054 habenas!

263 1059 411 1116 curriculo

153 1211 214 1276 hoc
238 1216 295 1290 est,
319 1211 433 1296 inquit,
456 1212 589 1276 libertas
613 1212 707 1275 datur
729 1212 895 1277 fraudibus
912 1235 1012 1297 aeque,
1029 1236 1107 1296 quas
1124 1219 1217 1297 pater

153 1359 218 1400 non
241 1338 363 1416 suadet,
386 1359 421 1400 ac
437 1337 609 1400 levioribus
626 1336 760 1414 delictis,
777 1359 848 1419 quae
864 1339 957 1420 pater
972 1339 1096 1420 probat,
1114 1340 1215 1421 patri·

153 1461 260 1524 monia
284 1461 538 1543 conduplicandi.
578 1459 629 1525 Sic
652 1460 711 1525 hos
734 1483 843 1525 versus
868 1463 1000 1525 eandem
1024 1463 1216 1564 sententiam

154 1590 250 1668 atque
285 1609 335 1650 vv.
373 1588 546 1650 235-238
581 1585 700 1650 habere
724 1586 811 1665 dicit,
836 1587 1017 1670 similesque
1042 1589 1216 1652 sententias

40 1723 46 1728 ·
153 1711 248 1774 simili
274 1711 396 1775 ratione
421 1711 590 1794 dispositas
613 1733 681 1774 esse
706 1733 742 1774 ao
767 1710 960 1795 dispertitas.

261 1834 500 1916 Ribbeckius1)
524 1834 671 1899 Iahniunr
694 1836 813 1913 laudat,
838 1837 921 1920 quod
936 1859 966 1900 v.
985 1838 1048 1900 229
1067 1837 1216 1900 cancellis

125 2029 127 2046 ,
154 1961 449 2043 circumscripserit,
489 1982 560 2022 cum
598 1959 652 2023 ille
690 1982 810 2038 versus
850 1961 915 2025 sive
951 1963 1216 2026 constructionem

153 2087 323 2149 verborum
361 2085 568 2168 respiciamus
607 2085 673 2149 sive
713 2067 904 2148 sententiam
937 2087 1050 2168 ipsam,
1086 2087 1215 2151 tolerari

153 2232 217 2273 non
239 2211 348 2292 possit.
425 2255 430 2265 -

261 2333 442 2416 Kiaerius2)
476 2357 505 2397 v.
543 2336 606 2398 229
643 2355 704 2398 non
738 2334 870 2418 respuit,
906 2336 961 2399 sed
990 2333 1216 2399 cohaerentiam

153 2459 384 2522 sententiarum
409 2459 471 2523 alio
494 2459 585 2522 modo
609 2459 761 2522 defendit.
801 2458 996 2523 Particulam
1020 2464 1052 2523 et
1075 2459 1118 2542 (v.
1136 2462 1214 2542 228)

152 2584 237 2647 idem
276 2584 458 2668 significare
494 2586 654 2646 asseverat
689 2586 783 2666 atque
819 2583 926 2660 etiarn,
961 2585 1214 2667 sententiamque

151 2708 214 2772 looi
229 2708 311 2772 hanc
329 2730 396 2771 esse
414 2709 624 2772 demonstrat:
649 2708 791 2791 quisquis
807 2709 962 2791 praecepit
977 2709 1086 2793 magni
1103 2731 1215 2772 census

153 2850 302 2910 amorem,
326 2833 472 2915 producit
495 2832 592 2895 etiam
615 2853 730 2914 pueros
755 2854 881 2910 avaros3
913 2837 945 2896 et
969 2834 1023 2915 qui
1046 2856 1104 2916 per
1127 2834 1214 2897 frau-

153 2957 208 3020 des
246 2956 439 3039 patrimonia
477 2956 698 3038 conduplicare
737 2957 901 3040 praecepit,
938 2958 993 3020 dat
1031 2957 1241 3036 libertatemx

152 3081 319 3146 curriculo.

259 3204 389 3269 Nemini
425 3227 532 3268 eorum
568 3205 704 3290 contigit
739 3210 783 3284 ut,
821 3229 883 3290 quo
911 3207 1112 3270 referendum
1135 3207 1214 3270 illud

151 3354 245 3415 quem
271 3331 313 3413 (v.
331 3330 416 3417 Ι231)
440 3335 532 3409 esset,
555 3331 632 3394 satis
649 3331 785 3394 dilucide
803 3331 1044 3394 demonstraret.
1079 3329 1120 3394 V.
1138 3334 1213 3411 229,

151 3457 207 3540 qui
243 3456 339 3519 etiam
373 3456 415 3523 in,
431 3457 497 3520 cod.
522 3454 558 3518 P.
584 3458 642 3531 est,
666 3455 798 3519 retineri
821 3458 935 3538 potest,
960 3457 1016 3518 sed
1040 3455 1125 3520 haud
1149 3457 1214 3521 scio

139 3604 193 3645 an
226 3580 341 3643 lacuna
375 3584 446 3663 post
481 3602 553 3643 eum
569 3649 571 3653 ¹
588 3581 757 3644 statuenda
792 3580 842 3642 sit.
890 3576 928 3642 In
963 3602 1000 3644 eo
1030 3602 1133 3659 versu,
1158 3565 1226 3662 qui'

151 3706 280 3784 excidit,
315 3705 448 3768 verbum
483 3705 610 3788 aliquod
645 3705 743 3768 fuisse
767 3705 960 3768 verisimile
985 3709 1042 3785 est,
1068 3706 1107 3769 ad
1130 3705 1213 3787 quod

151 3831 230 3894 illud
266 3852 360 3913 quem
395 3831 578 3893 referretur.
626 3825 715 3892 Idem
739 3833 788 3892 est
811 3829 963 3893 iudicium
986 3827 1134 3908 Schulnii,
1159 3829 1214 3911 qui

263 4041 281 4110 ¹)
301 4044 421 4098 Rraoacn
440 4043 458 4095 l.
479 4042 497 4095 l.
517 4060 543 4111 p.
563 4043 606 4094 46.

261 4130 281 4200 ⁹)
301 4133 378 4186 Korn
398 4133 415 4185 l.
435 4133 454 4184 l.
474 4151 520 4200 pp.
540 4133 653 4185 67—69.
