2916 4834
534 1237 687 1348 Satira
724 1238 798 1347 lll.

239 1472 349 1537 Totius
374 1472 480 1536 satirae
504 1470 667 1555 dispositio
690 1470 760 1540 haee
784 1473 842 1535 est.
876 1469 986 1534 Romae
1010 1491 1103 1533 nemo
1127 1468 1195 1532 sine

130 1598 280 1662 molestia
313 1598 454 1661 maxima
487 1596 594 1660 vivere
628 1598 742 1679 potest,
774 1595 829 1679 qui
853 1593 1003 1658 honestus
1026 1616 1094 1658 esse
1117 1593 1196 1658 velit
1323 1652 1326 1662 .

128 1722 196 1806 (vv.
222 1721 354 1804 1—57).
389 1719 461 1785 lllio
485 1721 570 1785 enim
594 1719 740 1799 Graeculi,
762 1719 906 1784 homines
922 1718 1195 1803 importunissimi,
1235 1757 1239 1774 ι

131 1849 286 1932 regnant:
316 1847 393 1930 ipsis
417 1846 577 1931 indigenis
601 1845 707 1908 nullus
730 1844 819 1909 loeus
842 1844 1042 1928 relinquitur,
1067 1842 1095 1906 si
1115 1864 1195 1926 pau-

126 1993 226 2056 peres
249 1975 324 2034 sunt
347 1969 411 2053 (vr.
437 1970 613 2052 58-125).
659 1968 821 2052 Pauperes
845 1990 970 2052 semper
987 1972 1195 2032 contemnun-

132 2101 194 2176 tur,
219 2097 303 2180 quod
325 2117 390 2159 non
412 2095 563 2174 habeant,
587 2117 649 2179 quo
673 2095 793 2159 victum
816 2095 998 2180 cultumque
1022 2094 1084 2159 sibi
1107 2115 1194 2157 oom-

132 2243 245 2307 parare
280 2221 403 2304 possint
438 2219 501 2304 (vv.
539 2217 737 2301 rao-189).
783 2219 887 2283 Multa
916 2219 1059 2302 pericula
1081 2213 1194 2283 incolis

132 2346 220 2411 urbis
255 2345 432 2425 imminent,
467 2366 538 2428 quae
573 2347 680 2409 tamen
714 2365 732 2407 a
762 2343 912 2408 divitibus
925 2418 927 2432 Ι
942 2343 1036 2407 facile
1064 2344 1194 2408 tolerari

128 2473 275 2554 possunt,
300 2493 318 2534 a
341 2470 536 2554 'pauperibus
559 2492 621 2534 non
644 2470 722 2533 item
745 2467 809 2551 (vv.
834 2468 1034 2551 lto-231).
1072 2467 1193 2532 Tantus

130 2599 181 2659 est
215 2595 366 2678 strepitus
400 2595 533 2674 viarum,
568 2598 604 2657 ut
638 2615 783 2657 somnum
816 2615 909 2657 nemo
939 2614 1052 2676 aspere
1075 2593 1192 2676 possit:

130 2723 223 2784 tanta
253 2723 302 2784 est
330 2719 426 2783 turba
449 2718 622 2797 hominum,
647 2721 682 2781 ut
706 2718 745 2781 ad
768 2720 887 2782 metam
909 2717 1106 2801 propositam
1129 2739 1193 2780 non

128 2844 201 2908 sine
225 2844 333 2909 labore
357 2844 496 2907 maximo
520 2843 605 2907 viam
627 2843 753 2926 aperire
776 2841 878 2926 possis
902 2840 965 2923 (vv.
991 2840 1192 2922 232-267).

130 2967 208 3032 Alia
231 2968 374 3053 pericula
397 2968 574 3047 imminent,
610 2968 637 3031 si
659 2990 736 3031 vasa
760 2989 785 3048 ev
800 2963 1120 3033 fenestris'decidant
1142 2969 1194 3032 vel

132 3093 159 3158 si
182 3093 288 3158 medie
310 3097 403 3157 noete
427 3115 584 3176 pauperes
612 3093 844 3178 grassatoribus
868 3093 964 3158 ebriis
988 3094 1115 3158 obviam
1137 3115 1193 3157 va-

127 3218 224 3282 ‘niant
258 3221 313 3282 aut
345 3218 522 3282 latronibus
558 3215 621 3298 (vv.
658 3179 867 3300 268-314).1
903 3217 1058 3302 Epilogus
1087 3218 1192 3282 brevis

131 3342 264 3406 satiram
287 3342 359 3406 finit
382 3341 446 3426 (vv.
470 3341 669 3425 315-322).

238 3464 366 3531 Insere
390 3469 458 3532 tota
480 3467 582 3552 igitur
605 3467 703 3530 satira
726 3467 764 3531 de
788 3466 993 3531 incommodis
1015 3489 1193 3551 pauperum

132 3591 187 3678 agi
221 3591 375 3656 videmus.
434 3591 533 3672 '’At'’,
568 3591 684 3656 dixerit
719 3590 844 3674 aliquis,
880 3591 950 3656 ”his
985 3591 1193 3656 incommodis

131 3716 247 3780 divites
271 3738 396 3800 quoqne
413 3716 508 3780 adfici
522 3719 664 3804 possunt,
680 3737 783 3799 neque
799 3716 833 3778 in
848 3715 909 3780 hac
925 3717 1023 3780 satira
1035 3739 1193 3802 pauperes

132 3840 285 3905 divitibus
319 3818 522 3924 opponuntur
555 3841 611 3904 sed
633 3839 809 3904 inhonestis
832 3839 1013 3906 hominibus
1035 3840 1192 3909 honesti”.

127 3963 195 4030 sed
233 3966 288 4030 ubi
322 3969 417 4051 poeta
445 3966 484 4029 de
506 3965 671 4045 incendiis,
697 3966 734 4029 de
759 3964 877 4047 stipata
900 3964 1066 4036 hominum
1088 3968 1192 4048 turba,

129 4091 171 4155 de
195 4090 295 4154 ruinis
319 4090 525 4155 aedifioiorum
548 4090 724 4174 ceterisque
747 4089 954 4154 incommodis
976 4089 1127 4174 loquitur,
1143 4091 1193 4154 fa-
