2930 4836
535 444 755 540 fiee-

135 621 306 684 lectionem
330 619 420 704 leges
443 619 584 684 metricae
607 642 672 684 non
694 619 842 686 tolerant.
881 621 1070 686 Emendatio
1085 621 1200 686 Weid·
1266 590 1267 604 i

134 747 206 810 neri
241 745 373 810 arboris¹
397 745 528 809 interitu
556 745 669 810 infelix
694 749 750 820 est,
776 767 847 810 eum
870 747 972 812 malus
995 748 1134 811 nondum
1158 738 1200 811 sit

134 869 304 956 praeoisus3
330 869 401 934 aliae
417 870 655 934 emendationes
672 893 690 933 a
706 869 981 950 Sohurz'fleischio‚
999 871 1198 951 Achaintrio‚

134 994 273 1082 Iaoobjo,
298 993 496 1072 Heinriohio‚
521 995 679 1078 Kempfio‚
705 985 882 1075 Doellenio‚
906 995 1094 1076 Ribbeckio,
1116 967 1199 1090 ller-

133 1141 261 1199 maana,
286 1119 462 1184 Schmidtio
487 1120 526 1182 al.
552 1121 646 1183 factae
670 1124 753 1196 sunt,
779 1142 857 1203 quas
881 1121 933 1184 hio
957 1121 1105 1206 persequi
1127 1122 1198 1185 lon-

134 1269 213 1330 gum
248 1249 306 1323 est,
341 1267 413 1308 eum
447 1243 528 1308 nihil
563 1244 630 1308 fere
664 1216 744 1308 lucis
774 1249 921 1327 corrupto
944 1246 1014 1310 loeo
1037 1247 1195 1312 adferant.

135 1371 200 1436 cfr.
240 1370 459 1434 Haeuiolreum
493 1392 547 1453 pp.
584 1371 725 1449 15—16,
761 1371 811 1434 eui
846 1374 1003 1453 praeterea
1034 1373 1198 1448 assentior,

134 1517 208 1560 oum
232 1517 284 1559 eos
308 1495 427 1579 optime
452 1495 593 1557 iudicare
607 1491 704 1571 dicit,
729 1495 784 1577 qui
801 1495 922 1558 arboris
939 1495 1068 1558 incertae
1085 1496 1198 1579 legunt

134 1625 167 1685 et
191 1593 260 1686 heae
283 1621 381 1684 verba
406 1621 445 1682 ad
468 1620 585 1703 puppis
608 1620 761 1696 referunt,
786 1641 860 1682 nam
884 1621 967 1702 quod
991 1621 1080 1698 addit
1103 1620 1199 1699 idem,
1233 1591 1235 1595 ι

132 1745 319 1810 Iuvenalem
353 1745 488 1808 fortasse
523 1744 575 1808 hic
600 1744 706 1807 dedita
729 1767 825 1826 opera
849 1738 1015 1809 ob'senrum
1042 1767 1119 1823 esse,
1143 1745 1198 1808 vix

119 1873 184 1964 ⁴est
207 1871 290 1954 quod
314 1869 520 1940 refellamus..
582 1869 585 1876 ’

242 1995 326 2059 Miro
346 1995 446 2064 'modo
465 1994 666 2067 vocabulum,
691 1995 775 2077 quod
799 1999 847 2057 est
870 2016 976 2077 pecus,
1001 1994 1200 2059 v.41adhi-

133 2122 240 2198 betur,
264 2121 330 2182 tarn
353 2120 434 2182 miro
457 2140 543 2214 sane,
568 2122 603 2182 ut
626 2119 785 2183 sententia
800 2118 989 2212 Haeuickei‚¹
1006 2119 1076 2184 haeo
1093 2121 1200 2184 omnia

133 2246 175 2309 ad
191 2244 331 2308 earmina
343 2247 510 2326 poetarum
522 2244 675 2308 malorum
688 2243 849 2308 irridenda
861 2245 980 2326 scripta
993 2266 1071 2320 esse,
1081 2245 1197 2308 iterum

131 2370 226 2434 nobis
249 2369 283 2432 in
307 2372 445 2431 mentem
469 2369 586 2433 reniet.
632 2367 795 2432 Audacter
819 2369 885 2432 sine
911 2369 1006 2433 dubio
1022 2369 1151 2454 sanguis
1167 2391 1198 2434 v.

133 2497 179 2560 13
204 2497 384 2576 usurpatur,
410 2493 560 2557 audacius
583 2497 689 2556 tamen
713 2515 810 2576 peeus
834 2516 862 2557 v.
879 2494 933 2587 fll.
972 2492 1097 2558 Deinde
1113 2494 1146 2556 in
1163 2515 1200 2557 eo

130 2619 335 2696 offendimus,
371 2617 455 2701 quod
491 2618 634 2682 Catullus
657 2622 704 2682 tot
727 2641 803 2683 vasa
827 2623 981 2704 argentea
1005 2619 1198 2702 possidebat,

128 2748 170 2809 ut
194 2744 280 2807 mille
305 2743 426 2806 escaria
451 2746 482 2806 et
505 2743 601 2806 aliam
625 2744 866 2826 supellectilem,
891 2748 922 2807 et
945 2744 1066 2808 lautam
1090 2746 1122 2806 et
1139 2765 1199 2827 per

127 2890 245 2953 regem
281 2868 466 2951 Philippum
500 2868 762 2951 pretiosissimam
790 2868 920 2948 factam,
944 2869 977 2933 in
1000 2891 1087 2932 mare
1112 2868 1198 2951 proi-

128 3015 207 3060 cere
242 2998 360 3076 posset.
407 2993 634 3056 Friedlaender
662 2997 779 3072 censet,
805 2993 965 3058 Catullum
989 2998 1198 3058 mercatorem

127 3117 252 3194 fuisse;
287 3119 314 3181 si
348 3118 394 3182 ita
429 3122 487 3197 est,
514 3117 575 3181 hoe
598 3118 713 3181 saltem
735 3118 961 3200 intellegimus
985 3118 1067 3182 unde
1092 3122 1198 3181 tantas

126 3243 263 3308 divitias
286 3243 445 3320 habuerit,
470 3242 525 3306 sed
549 3246 656 3306 tamen
679 3243 842 3322 miramur,
868 3265 940 3306 eum
963 3243 1068 3306 omnia
1091 3243 1147 3305 illa
1163 3234 1212 3305 in'

126 3369 237 3434 undas
260 3367 489 3451 praecipitasse,
514 3389 584 3430 oum
604 3389 719 3430 narem
736 3390 825 3450 aquae
842 3368 970 3452 plenam
987 3391 1024 3432 ea
1040 3391 1074 3432 re
1089 3368 1198 3432 levare
1261 3357 1267 3368 ’

125 3493 189 3561 vix
213 3495 330 3575 posset,
355 3492 410 3555 sed
433 3494 558 3556 tantum
583 3513 654 3556 eum
677 3492 780 3556 ventis
803 3490 922 3576 pacisci
946 3493 1053 3559 vellet.

242 3615 304 3682 Vr.
329 3617 476 3681 50-51:

264 3767 323 3806 non
345 3751 469 3824 propter
492 3747 585 3806 vitam
608 3749 722 3808 faciunt
744 3749 923 3824 patrimonia
947 3749 1077 3824 quidem,

264 3855 315 3913 sed
340 3854 411 3914 vitio
435 3855 504 3913 oaeei
527 3857 649 3930 propter
672 3856 850 3931 patrimonia
874 3857 980 3915 vivunt

124 3995 210 4059 ianr
235 4014 253 4054 a
278 3989 434 4054 'Bentleio
470 3991 610 4054 damnati
645 3996 728 4055 sunt.
775 3992 913 4077 Pinzger
948 3993 1015 4056 eius
1044 3991 1196 4057 iudicium

126 4101 332 4200 comprobat,
379 4114 603 4180 Achaintrium
645 4119 678 4180 et
716 4117 804 4194 alios,
843 4119 898 4200 qui
936 4140 988 4182 eos
1027 4117 1197 4182 defendere
