2854 4828
719 439 891 502 „20-

272 617 357 680 docti
391 617 477 680 idem
511 615 692 700 significare
726 587 837 679 dicunt
872 637 908 680 ac
943 615 970 678 si
993 615 1137 699 legatur:
1173 615 1317 698 praeuipuc

272 763 349 805 cave
385 764 424 804 ne
453 740 487 824 (l.
511 745 622 818 utne)
646 741 790 825 linguam
813 741 897 804 servi
921 742 1114 804 contemnas:
1163 738 1215 804 Sic
1236 737 1318 802 'leuf-

273 865 367 928 felius
403 869 543 929 statuere
577 866 703 928 videtur
731 866 766 949 1),
797 866 841 928 sic
866 866 929 949 qui,
955 866 1038 948 quod
1062 865 1171 944 sciam,
1196 865 1320 928 omniun

274 992 312 1054 de
347 990 410 1054 hac
444 1012 477 1062 re
513 991 748 1054 recentissimus
777 991 934 1068 disseruit,
958 989 1175 1074 Mosengelius
1191 989 1227 1066 ²).
1272 987 1322 1052 Sed

273 1138 335 1180 non
370 1117 446 1180 licet
481 1137 533 1178 eas
568 1116 818 1200 significationes
842 1115 1046 1179 confundere.
1093 1113 1260 1178 Contendit
1280 1113 1324 1176 hic

273 1241 412 1323 quidem,
437 1242 568 1305 verbum
594 1241 816 1305 contemnendi
840 1240 925 1304 aliud
948 1240 1131 1324 significare
1147 1239 1251 1322 priore
1266 1239 1324 1302 loco

180 1423 182 1428 .
274 1365 361 1428 aliud
396 1366 505 1443 altero,
534 1387 605 1429 cum
629 1365 684 1429 illo
707 1365 793 1429 notio
816 1365 893 1428 insit
915 1387 977 1429 non
1000 1364 1143 1444 timendi,
1167 1363 1227 1428 hoc
1250 1363 1327 1426 notio

274 1490 365 1573 parvi
401 1491 591 1554 aestimandi.
639 1487 676 1552 Id
705 1489 787 1553 nihil
810 1491 849 1553 ad
873 1511 951 1566 rem,
976 1511 1047 1552 cum
1071 1492 1204 1571 uterque
1229 1509 1328 1552 eorum

276 1636 352 1678 cave
376 1617 411 1677 ut
434 1615 519 1678 idem
543 1614 724 1698 significare
749 1637 785 1678 ac
810 1636 885 1677 cave
909 1635 949 1676 ne
974 1613 1163 1677 contendere
1180 1613 1327 1676 videatur.

274 1737 365 1814 Quod
399 1740 427 1802 si
461 1740 508 1802 ita
534 1743 595 1817 est,
620 1740 813 1802 contrarium
837 1739 916 1802 illud
940 1742 997 1817 est,
1023 1738 1108 1822 quod
1130 1740 1237 1802 monet
1258 1733 1329 1799 Nae-

274 1864 362 1928 volus
398 1887 448 1928 vv.
475 1865 660 1942 120-121,
684 1864 741 1944 illi,
766 1864 849 1947 quod
873 1863 967 1946 paulo
991 1867 1064 1926 ante
1088 1863 1226 1926 monuit:
1262 1882 1330 1924 con-

275 1992 381 2052 temne
412 1989 555 2074 linguam
580 1989 663 2053 servi
688 2025 728 2033 —
754 2011 830 2052 cave
854 2011 894 2052 ne
917 1988 1008 2071 parvi
1032 1988 1170 2050 aestimes
1194 1987 1333 2071 linguam

273 2114 369 2178 servi.
415 2111 483 2177 Iam
518 2114 552 2176 in
576 2114 741 2198 angustias
765 2113 919 2196 compulsi
942 2134 1066 2188 sumus;
1097 2112 1253 2194 equibus
1274 2133 1335 2174 non

275 2238 364 2321 prius
399 2261 455 2302 nos
491 2239 641 2322 expedire
675 2239 861 2321 poterimus
896 2259 992 2321 quam
1026 2237 1142 2315 verbis
1170 2258 1241 2319 quae
1264 2238 1335 2298 sunt

276 2385 352 2427 cave
376 2365 412 2426 ut
429 2366 621 2443 contemnas
639 2364 735 2426 aliem
751 2363 1018 2447 significationem
1035 2361 1229 2425 dederimus:
1251 2381 1334 2438 cave,

275 2491 310 2550 ut
334 2491 535 2551 contemnere
559 2489 672 2571 possis
696 2489 786 2552 stude
810 2490 1023 2566 contemnere,
1047 2487 1118 2550 vire
1142 2486 1189 2549 ita
1213 2490 1248 2549 ut
1264 2508 1334 2549 con-

274 2615 416 2676 temnere
451 2613 562 2695 possis.
611 2611 791 2695 Utcumque
826 2633 876 2676 res
904 2615 952 2675 est
976 2612 1104 2676 difficile
1128 2611 1190 2674 erit
1212 2611 1335 2674 intelle·

276 2758 363 2820 gere,
393 2759 540 2820 quaenam
563 2737 645 2801 ratio
669 2737 752 2800 inter
774 2737 833 2802 hos
856 2758 965 2801 versus
989 2741 1021 2800 et
1045 2758 1082 2800 ea
1106 2757 1176 2818 quse
1201 2757 1335 2818 sequun-

274 2864 338 2940 tur,
363 2861 501 2925 deterior
524 2866 632 2926 tamen
654 2862 707 2926 hic
731 2865 802 2940 cet,
826 2862 1013 2925 intercedat.
1053 2859 1179 2942 Opponi
1202 2861 1336 2943 quodam

275 2987 369 3051 modo
406 2985 475 3050 heeo
513 2985 562 3062 iis,
603 3008 672 3069 quae
709 2987 910 3065 antecedunt,
946 2985 1142 3051 Ribbeckius
1178 3007 1235 3048 sno
1270 2986 1335 3048 iure

276 3114 438 3174 asseverat
469 3115 491 3187 ).

382 3233 559 3300 Vahlenius
594 3257 703 3300 versus
738 3257 800 3314 eos,
837 3237 875 3323 de
903 3237 1017 3320 quibus
1041 3236 1105 3298 iam
1129 3235 1336 3317 disputamus,

276 3357 337 3424 hoc
360 3361 452 3424 modo
476 3361 624 3424 emendat
648 3364 679 3424 et
703 3361 843 3445 disponit
858 3360 900 3442 4):

365 3542 525 3601 vivendum
548 3546 627 3602 recte
652 3549 696 3603 est
719 3563 786 3602 cum
810 3547 932 3620 propter
956 3544 1094 3618 plurima,
1120 3549 1191 3602 tuno
1216 3547 1260 3602 est

365 3648 474 3708 ideirco
497 3655 533 3708 ut
555 3650 648 3726 possis
671 3651 808 3726 linguam
832 3652 1018 3708 contemnere
1042 3650 1122 3712 servi

276 3784 488 3794 Ἥ

387 3852 406 3924 ¹)
426 3855 548 3912 Tuurrsn
567 3856 598 3910 in
616 3856 687 3910 Mus,
706 3857 794 3910 Rhen.
812 3857 876 3910 XXI
894 3875 922 3926 p.
942 3857 1001 3910 155.

387 3941 406 4012 ⁹)
428 3943 459 3998 G.
478 3945 638 4000 Mossuoun:
660 3944 796 3999 Vindiciae
815 3944 1012 4008 luvenalicnae,
1032 3945 1133 4016 Lipsiae
1155 3946 1230 4010 1887,
1251 3965 1279 4017 p.
1299 3947 1337 4000 27.

386 4031 407 4100 ⁸)
428 4035 546 4089 ltinnscn
566 4036 584 4089 l.
606 4034 623 4086 l.
643 4053 689 4104 pp.
710 4035 859 4088 112-113.
1251 4028 1254 4034 ¹

398 4131 407 4190 l

387 4120 396 4148 ⁴
427 4123 551 4178 Vnum-iu:
578 4122 715 4178 Vindiciae
734 4123 931 4178 Iuvenalianae.
951 4125 1037 4180 Index
1055 4125 1119 4179 leot.
1152 4125 1242 4180 Berol.
1263 4124 1337 4180 1884.
