2916 4834
239 651 364 732 eiurioe,
395 652 449 716 sed
465 647 610 716 'alienam
631 652 718 746 viam
739 653 990 738 ingrediendam,
1015 653 1111 718 aliam
1132 655 1304 718 materiam

240 797 309 840 esse
332 777 542 841 tractandam.
647 837 649 842 .

346 899 425 966 Haeo
449 902 554 966 omnia
576 902 660 966 inter
682 925 715 966 se
740 906 814 987 apte
838 902 1008 984 coherent,
1024 889 1116 968 modo
1131 927 1211 968 unus
1227 926 1302 968 ver-

239 1048 303 1108 sus²
328 1027 383 1111 qui
405 1027 574 1092 manifesto
597 1028 695 1092 falsus
720 1031 776 1108 esi,
801 1031 994 1099 amoveatur.
1041 1029 1100 1093 Est
1122 1053 1152 1093 v.
1178 1029 1235 1094 14:

270 1181 288 1200 ”
369 1178 517 1251 exspectes
540 1177 643 1234 eadem
666 1196 683 1234 a
706 1195 821 1235 summo
844 1175 1024 1252 minimoque
1047 1180 1145 1252 poeta.

346 1312 405 1376 Est
424 1313 472 1376 'in
505 1313 592 1378 codd.
617 1312 671 1377 ille
695 1313 833 1396 quidem,
858 1313 913 1376 sed
937 1313 1004 1376 eius
1028 1314 1154 1398 generis
1178 1316 1236 1393 esi,
1260 1315 1302 1377 de

162 1418 164 1424 Ι
240 1457 302 1521 quo
325 1437 377 1501 vel
398 1438 535 1501 maxime
566 1437 696 1501 valeant
722 1439 819 1502 verba
846 1437 902 1500 iila
930 1437 968 1500 G.
985 1437 1157 1522 ‘Piazqeri
1185 1438 1301 1522 quibus

240 1565 357 1641 monet,
392 1583 522 1644 versum,
558 1563 613 1646 qui
644 1564 779 1626 externis
801 1563 929 1626 indiciis
952 1563 987 1624 iii
1009 1565 1205 1646 suspicioueo
1228 1563 1302 1626 oii-

238 1693 344 1770 φαίην,
368 1707 430 1750 ooo
453 1689 599 1750 contiuuo
620 1689 764 1770 spurium
787 1707 849 1750 esse
871 1687 1054 1770 iubendum,
1084 1689 1149 1750 uisi
1174 1690 1304 1751 interno

239 1811 365 1879 νοθείας
396 1811 542 1874 accedant
575 1819 779 1895 arquinenia·
812 1831 933 1874 uersum
965 1818 1068 1875 auiam
1090 1814 1223 1875 internis
1245 1833 1300 1874 ro·

240 1935 374 2000 tionibus
408 1936 595 2019 inquietum,
631 1937 687 1998 etei
720 1937 755 1998 io
778 1937 895 1998 eunetis
919 1936 1042 2019 leuetur
1064 1936 1217 2012 codicibus
1239 1935 1305 2000 MS

240 2068 342 2124 tumea
364 2060 590 2124 universoiilo
614 2067 810 2123 externorum
831 2059 1054 2144 preasidiorom
1064 2061 1222 2145 phuiooqe
1237 2083 1299 2125 aon

164 2255 167 2263 ,
202 2173 204 2178 ’
240 2160 419 2250 εαίὶἐνθσέο
441 2184 566 2266 defendi
582 2182 618 2267 1).

346 2308 495 2393 Spurium
517 2331 592 2374 vero
615 2309 699 2372 huno
722 2330 849 2373 versum
872 2331 951 2387 esse,
974 2310 1095 2392 primus
1119 2314 1154 2373 ui
1173 2311 1302 2374 uidetur
1350 2362 1359 2392 ,,

240 2435 387 2500 Dobreus
422 2431 506 2517 (adv.
542 2430 585 2499 Π.
615 2455 647 2516 p.
681 2433 758 2514 387)
790 2433 962 2513 constituit,
987 2456 1081 2517 quem
1103 2433 1300 2499 Ribbeekius

240 2557 274 2642 (1.
297 2559 320 2624 1.
343 2581 375 2643 p.
401 2557 477 2641 116)
510 2561 635 2621 saeuius
666 2558 723 2621 esi.
768 2555 881 2640 Neque
905 2557 939 2620 id
962 2557 1029 2621 sine
1052 2558 1121 2621 iure
1144 2557 1297 2621 fecerunt.

240 2683 369 2747 Etenim
398 2682 450 2747 hia
477 2704 596 2762 verona,
621 2682 648 2745 si
670 2681 830 2766 quispiam
853 2681 943 2760 aliua,
967 2682 1100 2746 internis
1124 2683 1301 2747 rationibus

239 2808 412 2894 iugulatur.
458 2807 501 2871 Et
523 2829 581 2891 per
604 2829 637 2871 se
660 2806 793 2891 languet
816 2809 848 2870 et
871 2806 982 2889 rapido
1000 2807 1104 2870 cursui
1121 2810 1300 2871 ceterorum

239 2954 388 2997 versuum
421 2932 537 2995 mirum
570 2935 724 3015 quantum
758 2932 873 2996 obsiai.
919 2929 995 3006 Quis
1026 2932 1111 2994 enim
1135 2933 1182 2995 esi
1204 2935 1299 3014 poeta

239 3057 293 3121 ille
317 3057 485 3120 minimus?
531 3055 649 3121 Cordus
672 3056 724 3120 vel
747 3056 861 3139 aliquis
885 3077 924 3119 ex
948 3055 1184 3120 aemulatoribus
1209 3056 1300 3119 eius?

239 3180 321 3245 Tum
352 3178 511 3245 luvenalis
534 3181 603 3264 ipse
626 3203 659 3244 se
683 3201 840 3244 summum
862 3180 1039 3263 profitetur.
1084 3178 1138 3243 An
1161 3177 1296 3244 Iuvena-

238 3307 298 3370 lis?
343 3303 466 3391 Negari
500 3328 563 3370 non
596 3308 711 3388 potest,
743 3305 820 3391 quin
849 3303 901 3368 hio
926 3306 964 3368 de
988 3327 1021 3369 se
1043 3305 1114 3369 leve
1137 3305 1299 3369 interdum

200 3514 204 3523 ,
239 3431 339 3496 faciei
361 3417 522 3510 iudicium,
547 3433 582 3494 ui
605 3431 699 3514 paulo
722 3429 806 3494 infra
828 3453 859 3495 v.
885 3432 941 3494 79:

727 3597 799 3656 feeit
821 3596 986 3673 indignaiio
1008 3615 1137 3667 versum,

346 3707 592 3780 qualemcumque
614 3707 722 3780 potest,
747 3704 849 3779 quales
873 3721 928 3779 ego
951 3704 998 3762 vel
1022 3702 1190 3762 Cluuienus.

241 3859 305 3925 Ofr.
328 3856 419 3924 ΧΠΙ.
445 3859 519 3925 120.
564 3858 626 3923 Sed
656 3859 724 3924 illie
754 3881 791 3923 eo
817 3858 936 3922 maiore
959 3855 1028 3920 iure
1051 3859 1146 3939 poeia
1169 3878 1202 3920 se
1226 3877 1299 3920 oum

349 4037 369 4107 ¹)
390 4041 423 4091 G.
442 3997 559 4104 Pinzgier
577 4036 611 4091 de
629 4035 754 4090 versibus
773 4034 873 4105 spuriis
893 4037 921 4089 ei
939 4033 1013 4088 male
1031 4032 1166 4102 suspectis
1178 4031 1209 4086 in
1220 4032 1300 4087 Iuve-

239 4127 313 4182 nalis
332 4125 425 4181 satiris
444 4124 612 4180 disseriaiio.
649 4124 764 4180 Vraiisl.
786 4124 852 4179 1827
873 4122 909 4192 (p.
930 4123 946 4176 3
965 4122 1029 4176 adn.
1047 4120 1084 4190 4).
