2930 4836
584 435 778 500 -ua-
877 426 880 432 ’
958 512 962 520 ,

151 615 338 696 tempus-
369 649 408 656 —-
384 612 575 697 egregie
611 613 758 676 convenit
792 635 864 676 cum
899 635 945 692 eo,
974 635 1036 696 quo
1059 611 1213 698 Agricola

151 738 270 851 bellum
295 759 333 800 ex
354 736 425 800 Brit
412 737 521 802 tannia
537 738 570 800 in
587 736 822 801 Caledoniamt
808 741 911 801 transt
898 738 981 804 tulit
1022 737 1211 802 Franokius:

151 864 178 926 si
201 867 268 926 tam
291 863 361 946 ipsa
385 862 437 944 (de
462 863 574 926 exsilio
598 862 775 946 Aegyptio)
797 863 928 937 mentio
952 885 1047 946 quam
1071 863 1212 946 lepidum

151 987 285 1052 Scotioae
310 987 515 1072 relegationis
539 991 751 1050 commentum
774 987 919 1052 ludicras.
931 989 1212 1072 grammaticorum

151 1113 273 1176 redolet
307 1112 499 1196 quastiones
536 1147 575 1156 --
612 1111 730 1190 licebit,
766 1112 888 1194 opinor,
913 1112 977 1175 iam
1000 1113 1115 1176 iterum
1139 1135 1212 1195 pro-

151 1237 308 1312 nuntiare,
334 1239 439 1300 actum
464 1258 531 1300 esse
557 1237 594 1300 de
620 1238 731 1302 exsilio
753 1234 912 1300 Iuvenalis
926 1238 960 1318 1).
999 1237 1212 1302 Ribbeekius:

151 1361 334 1426 Hadrianus
378 1363 617 1446 octogenarium
656 1361 780 1425 cohorti
817 1359 860 1424 ‘in
895 1365 1036 1425 extrema
1070 1361 1214 1447 Aegypti

157 1489 249 1570 parte
273 1483 426 1552 tendenti’
452 1487 606 1570 praefecit,
631 1487 738 1570 ibique
762 1487 849 1550 senio
873 1508 909 1550 ao
925 1487 1036 1550 morbo
1052 1487 1215 1550 confectus

153 1614 213 1676 duo
238 1615 311 1696 post
335 1634 434 1676 annos
457 1634 524 1675 mor
526 1614 599 1674 tuus
623 1615 671 1674 est
658 1608 855 1674 tluvenalis
871 1610 897 1693 9)
933 1608 1035 1690 (Idem
1060 1615 1108 1674 est
1095 1611 1213 1674 tiodi-

151 1738 235 1800 oium
273 1735 450 1828 Heinriohii
483 1737 505 1800 l.
540 1736 561 1800 l
587 1733 629 1799 ll.
653 1758 706 1819 pp.
733 1735 886 1816 20—21.)
934 1735 1089 1799 Weidner
1113 1737 1215 1800 eredit

152 1885 224 1925 eum
259 1861 291 1924 in
327 1861 473 1924 exsilium
509 1861 548 1924 ab
573 1859 737 1924 Hadriano
760 1861 902 1923 missum
916 1883 993 1940 esse
1018 1862 1156 1944 quinque
1181 1864 1214 1924 et

151 1986 319 2078 sexaginta
343 1989 575 2063 animantum,
593 1986 660 2049 sine
678 1985 774 2050 dubio
790 1986 823 2047 in
842 1985 1036 2069 Aegyptum,
1055 1990 1149 2068 atque
1167 1987 1212 2050 ibi

152 2114 287 2174 mortem
323 2110 440 2174 obiisse
455 2110 492 2191 ⁵).
540 2108 704 2173 Straekius
740 2113 848 2174 censet
878 2111 953 2174 ficta
988 2133 1055 2174 esse
1079 2134 1150 2194 quae
1175 2114 1214 2176 de

153 2236 264 2299 exsilio
300 2239 596 2309 commemorantur,
633 2236 721 2299 addit
755 2238 862 2298 tamen
898 2233 1091 2314 Iuvenalem,
1127 2238 1152 2300 si
1178 2238 1210 2299 in

152 2360 299 2422 exsilium
323 2361 436 2423 missus
460 2361 510 2437 sit
488 2359 724 2438 taTraian0‚
748 2383 812 2424 non
836 2361 875 2424 ab
896 2359 1059 2426 Hadriano
1077 2366 1131 2424 aut
1118 2361 1213 2426 Dto·

153 2484 285 2547 mitiano
320 2483 444 2566 pulsum
474 2505 541 2546 esse
557 2483 593 2563 9.)
640 2481 884 2568 Naguiewskius
909 2485 1077 2559 coniectat
1102 2485 1213 2550 Domi-

152 2608 284 2687 tianum,
320 2608 369 2670 ira
392 2611 513 2671 motum
537 2609 577 2672 ob
600 2605 675 2670 Vll
701 2610 841 2684 90-92
867 2630 938 2672 oum
962 2609 1123 2672 flaminem
1148 2610 1213 2673 divi

151 2731 342 2815 Vespasiani
379 2733 495 2796 laedere
531 2754 595 2796 non
632 2733 772 2810 auderet,
808 2731 990 2796 Iuvenalem
1026 2735 1211 2817 praelectum

92 2909 101 2926 .
152 2857 290 2922 cohortis
314 2858 427 2921 fecisse
452 2879 587 2940 eumque
610 2858 643 2920 in
667 2857 852 2941 Aegyptum
876 2859 1016 2936 misisse3
1048 2862 1140 2941 putat
1163 2863 1213 2922 ta-

152 3005 226 3046 men
251 2978 444 3058 Iuvenalem,
470 2981 607 3045 Traiano
625 2983 825 3064 imperatore,
842 2983 915 3068 iude
932 2982 1066 3046 Romam
1082 2985 1212 3047 rediisse

154 3111 186 3169 et
220 3107 314 3189 paulo
348 3110 463 3190 postt
451 3107 613 3170 tribunum
637 3107 707 3170 coh
731 3104 757 3171 Ι.
783 3107 919 3171 Delmat·
898 3110 1002 3169 tarum
1026 3109 1059 3170 in
1083 3108 1162 3170 Brit
1141 3112 1212 3170 ta-n

151 3231 237 3294 niam
254 3254 287 3295 se
305 3235 398 3294 contu
364 3232 474 3294 tulisse
485 3232 522 3313 ⁵.)
558 3231 784 3294 hriedlaender
800 3232 880 3294 nihil
897 3253 954 3314 pro
971 3236 1037 3294 cert
1038 3255 1056 3294 o
1024 3233 1120 3295 tsta
1122 3236 1212 3296 tuere

264 3497 282 3564 ¹)
302 3497 322 3550 I.
351 3497 383 3550 V.
412 3497 549 3550 Fanucun:
586 3497 626 3552 De
657 3497 718 3551 vita
748 3497 806 3550 Iuv.
840 3496 957 3565 quaestio
985 3497 1082 3552 altera.
1129 3499 1212 3567 Dorp.

153 3588 266 3656 lamp
287 3587 330 3638 24.

261 3672 332 3743 9)Ο.
360 3675 545 3728 ΗιιιιιιοιιιΙ)
583 3675 771 3730 Lluvenalis
791 3675 905 3729 Saturae.
943 3675 1211 3745 Lips.1859,praef.

151 3765 256 3834 p..XII

260 3851 332 3906 ³.A
353 3854 523 3907 Wmnunal.
543 3855 561 3906 l.
580 3855 657 3922 praef.
677 3854 700 3919 ξ.
721 3855 763 3906 23.

260 3918 368 4008 ⁴)Cun.
391 3943 510 3996 Srnacu:
538 3943 578 3996 De
598 3943 737 3997 luvenalis
757 3943 849 3997 exilio.
887 3944 1013 3997 Francos.
1035 3944 1102 3996 1880
1121 3962 1147 4012 p.
1168 3945 1211 3996 27.

261 4027 280 4098 9)
300 4031 333 4084 D.
353 4031 547 4085 Nnommvsm:
579 4031 619 4085 De
638 4031 779 4085 luvenalis
799 4032 859 4086 vita
877 4031 1094 4087 observationes.
1132 4033 1211 4101 Rigae

152 4119 229 4173 1883.
