2916 4834
635 449 787 512 -9..

136 639 141 650 “
177 629 293 693 misero
327 629 465 711 quodam
498 625 625 690 homine
656 642 840 708 comparare
861 627 977 709 potest,
1001 623 1086 708 quod
1108 621 1245 687 ironiam
1335 617 1337 623 ’

177 754 245 817 eius
268 753 379 816 statim
402 753 426 816 ii
449 754 628 830 observant,
653 752 708 835 qni
730 751 853 835 legunt,
870 750 986 834 quibus
1003 749 1173 814 Cluuienus
1186 749 1243 814 ille

177 877 359 941 notissimus
392 881 470 942 erat.
518 874 589 940 Illic
619 877 720 961 igitur
741 875 844 940 ironia
866 877 969 959 poetae
994 875 1159 958 aptissima
1183 878 1244 954 est,

175 1023 207 1067 v.
233 1001 273 1065 14
296 1023 426 1086 prorsus
449 1001 538 1065 nulla
561 988 732 1065 invenitur.
751 998 775 1083 1)

284 1125 360 1201 Quae
396 1148 469 1190 cum
503 1127 550 1190 ita
582 1127 655 1206 sint,
678 1126 760 1190 mira
783 1147 858 1189 sane
883 1147 921 1189 ea
944 1125 1102 1204 videntur,
1127 1142 1198 1208 quae
1224 1147 1247 1188 a
1297 1172 1299 1176 .

183 1250 347 1316 Weidnero
377 1251 460 1332 (luo.
492 1251 618 1316 Saturne
646 1251 722 1316 erlcl.
746 1273 773 1314 o.
797 1251 838 1314 A.
869 1249 917 1315 W.
941 1250 1075 1335 lieipzig
1100 1250 1268 1334 1873·p,.
1312 1223 1314 1230 χ

177 1374 234 1459 31)
266 1377 305 1440 ad
335 1376 419 1441 hunc
443 1399 571 1441 versum
594 1377 825 1441 defendendum
849 1376 946 1440 allata
970 1379 1053 1440 sunt.
1099 1373 1243 1439 Primum

177 1503 276 1586 negat
298 1501 505 1565 summarium
529 1523 596 1565 esse
620 1500 692 1584 (cfr.
714 1524 765 1566 vv.
791 1501 913 1565 1-13:
938 1522 1047 1564 omnes
1069 1503 1177 1583 poetae,
1191 1521 1245 1562 re·

178 1625 288 1705 citant,
324 1629 356 1689 et
384 1649 416 1694 v.
442 1620 497 1690 14¹:
532 1647 672 1690 summus
695 1626 906 1709 minimusque
931 1622 1069 1707 recitat).
1116 1623 1243 1688 Deinde

178 1747 206 1813 si
239 1751 337 1815 verba
371 1773 443 1834 quae
479 1755 552 1815 sunt
581 1751 712 1815 minimo
739 1755 834 1834 poeta
858 1749 1119 1830 exterminentur,
1143 1751 1246 1834 negat

177 1875 325 1961 intellegi
347 1897 449 1959 posse,
474 1897 530 1940 our
553 1873 713 1940 Iuvenalis
737 1875 903 1940 consilium
926 1875 1086 1940 scribendi
1110 1873 1244 1958 ceperit,

179 1998 334 2075 Quorsum
357 2000 447 2065 haec?

286 2123 348 2189 Sed
371 2129 406 2188 ut
429 2147 466 2189 eo
489 2128 696 2205 revertamur,
720 2127 804 2189 unde
828 2125 960 2189 defluxit
976 2123 1088 2201 oratio,
1106 2120 1245 2187 luvena-

177 2248 218 2312 lis
240 2254 408 2333 postquam
431 2272 465 2313 se
489 2271 613 2336 quoque
635 2272 745 2315 versus
769 2251 961 2333 scripturum
984 2271 1053 2313 esse
1076 2247 1240 2326 indicavit,
1347 2253 1350 2266 ¹

180 2395 291 2438 causas
326 2375 475 2457 explicat,
511 2397 567 2438 cur
596 2375 731 2439 formam
761 2375 932 2438 satirarum
953 2373 1154 2457 potissimum
1177 2371 1246 2436 ele·

177 2489 273 2584 ¹gerit.
319 2498 395 2574 Quae
420 2521 522 2564 causae
545 2500 748 2564 nobilissimis
771 2499 835 2563 illis
856 2500 1001 2565 versibus
1025 2498 1155 2562 22-80
1181 2496 1239 2560 ad-

180 2622 335 2704 feruntur,
371 2624 427 2708 qui
459 2624 598 2688 mirabili
622 2645 697 2688 sane
722 2627 789 2688 arte
814 2624 992 2707 compositi,
1016 2622 1111 2686 nullis
1135 2622 1245 2686 obsta·
1359 2634 1364 2646 “

181 2747 261 2810 culis
293 2739 441 2831 impediti
470 2770 569 2832 usque
593 2749 751 2832 rapidiore
776 2770 870 2812 cursu
891 2749 1062 2832 profluunt,
1088 2749 1187 2811 donec
1210 2746 1247 2809 in

180 2871 237 2936 illa
260 2873 359 2938 verba
383 2875 566 2956 erumpunt:

341 3074 365 3132 si
388 3077 497 3132 natura
520 3079 620 3150 negat,
645 3075 718 3134 facit
740 3075 905 3152 indignatio
929 3093 1056 3143 versum,

342 3181 593 3256 qualemcumque
613 3184 721 3257 potest.

288 3367 350 3433 Sed
385 3371 469 3454 quod
494 3352 597 3456 ¹vulgo
628 3371 726 3450 aiunt,
756 3371 837 3434 nihil
860 3375 926 3434 tam
950 3370 1013 3434 alte
1037 3370 1244 3434 constitutum

181 3514 261 3573 esse,
291 3497 327 3558 ut
353 3517 415 3558 non
438 3495 538 3578 possit
560 3495 762 3578 reprehendi,
788 3498 880 3559 erunt
903 3496 1046 3575 fortasse,
1071 3496 1185 3579 quibus
1208 3495 1245 3558 hi

292 3688 311 3758 ²)
340 3691 489 3756 liupoldus
517 3687 632 3755 (Comm.
658 3689 689 3742 in
712 3690 771 3744 Inv.
794 3709 821 3760 p.
843 3689 886 3758 11)
907 3693 1052 3759 comparat
1070 3691 1135 3747 Hor.
1154 3691 1246 3761 Epist.

180 3779 216 3833 II.
237 3779 260 3833 1.
283 3779 347 3832 117:

341 3867 487 3922 scribimus
505 3867 612 3923 indocti
631 3868 761 3938 doctique
774 3871 908 3935 -poemaca
925 3869 1030 3939 passim

181 3957 235 4014 sod
261 3953 318 4012 no'n
342 3956 484 4024 quaeritur,
503 3973 567 4012 vere
585 3975 622 4011 an
640 3958 712 4012 falso
731 3959 791 4012 haec
809 3957 865 4012 dici
883 3959 1004 4028 possint:
1024 3959 1158 4028 quaeritnr
1176 3961 1245 4029 quid

180 4045 272 4102 tenori
290 4063 419 4100 versuum
438 4048 536 4114 aptum
555 4045 599 4110 sit,
627 4046 695 4114 quid
712 4065 776 4102 non.
813 4047 906 4103 Verba
924 4048 977 4103 illa
995 4048 1106 4104 Horatii
1124 4048 1185 4104 loco
1204 4050 1246 4104 al-

181 4135 240 4190 lato
259 4133 410 4190 desiderari
428 4151 484 4189 non
502 4151 589 4204 posse,
610 4135 702 4204 quivis
720 4136 804 4193 facile
822 4137 973 4207 intellegit.
