2930 4836
532 1315 684 1427 Satira
721 1317 830 1429 XIV.

256 1547 430 1631 Dispositio
464 1549 645 1632 augmenti
676 1549 745 1612 haec
770 1554 826 1612 est.
873 1549 1015 1614 Plun‘ma
1038 1550 1117 1614 vitia
1141 1573 1209 1615 esse

145 1674 228 1737 dicit
251 1677 355 1756 poeta,
380 1673 494 1756 quibus
518 1676 666 1756 parentes
690 1674 752 1756 ipsi
775 1674 892 1739 liberos
916 1675 1130 1739 assuefaciant
1145 1675 1209 1757 (vv.

148 1798 262 1881 1-3).
302 1796 393 1872 Quod
415 1801 452 1861 nt
471 1799 625 1882 exemplis
642 1800 825 1884 comprobet
840 1798 904 1880 (vv.
921 1800 1055 1883 4-30),
1072 1801 1210 1883 primum

145 1924 296 2002 ostendit,
331 1923 442 2018 filium,
479 1923 505 1986 si
539 1927 633 2006 pater
659 1923 729 1988 alea
751 1924 860 1987 ludere
885 1927 979 2004 amet,
1003 1947 1076 1990 mox
1100 1927 1210 2011 eodem
1235 1963 1239 1970 ·

145 2050 224 2113 ludo
260 2011 510 2130 delectarilvv.
547 2049 665 2132 4—5);
701 2049 825 2127 deinde,
861 2049 888 2112 si
918 2071 1020 2134 ganeo
1043 2054 1135 2133 pater
1158 2052 1228 2138 sit„

81 2185 83 2189 '
145 2175 250 2238 filium
273 2172 353 2237 nihil
377 2173 537 2257 antiquius
560 2147 689 2252 habere,
714 2195 809 2256 quam
833 2177 868 2236 ut
891 2174 958 2256 ipse
983 2196 1078 2257 quam
1097 2175 1209 2239 lautis-

146 2299 228 2364 sime
264 2302 355 2363 eenet
390 2300 452 2378 (vv.
490 2298 622 2380 6-14).
667 2297 749 2362 Tum
782 2299 869 2362 aliud
901 2299 1082 2382 exemplum
1106 2300 1211 2374 adfert

145 2425 249 2507 patris
273 2424 344 2486 duri
368 2428 400 2486 et
423 2402 572 2487 crudelis:
604 2420 698 2486 huius
721 2423 837 2522 liberos
860 2423 950 2487 brevi
974 2427 1006 2486 et
1029 2425 1113 2506 ipsos
1139 2447 1210 2488 cru-

148 2549 237 2612 deles
273 2553 305 2612 et
339 2548 551 2612 inexorabiles
579 2569 646 2611 esse
670 2548 792 2612 futuros
816 2549 1012 2611 demonstrat
1035 2548 1097 2630 (vv.
1124 2551 1208 2614 15--

147 2673 216 2754 24).
263 2671 369 2756 Atque
405 2677 440 2736 ut
462 2675 581 2735 matres
605 2693 728 2757 quoque
752 2673 785 2735 in
810 2673 903 2755 culpa
926 2695 1011 2756 saepe
1036 2696 1103 2737 esse
1128 2675 1209 2738 scia·
1286 2732 1288 2751 ,

147 2821 228 2878 mus,
264 2798 362 2878 addit,
398 2797 497 2861 filiam
532 2797 658 2860 omnino
692 2819 814 2861 morum
838 2799 1058 2882 integritatem
1082 2821 1208 2863 servare
1325 2823 1326 2828 ¹

146 2946 211 2988 nou
234 2945 336 3006 posse,
360 2921 388 2985 si
410 2922 580 2986 libidinosa
603 2926 636 2986 et
658 2923 875 3006 voluptatibus
900 2923 1007 2986 dedita
1022 2927 1125 2988 mater
1141 2925 1209 2988 eius
1304 2975 1307 2981 Α

147 3049 191 3112 sit
225 3047 288 3132 (vv.
314 3049 467 3139 25230).
515 3047 574 3110 His
610 3047 765 3130 exemplis
793 3047 898 3112 allatis
922 3048 1126 3112 manifestum
1150 3052 1208 3127 est,

146 3174 231 3257 quod
267 3173 331 3250 iam
364 3173 444 3236 dixit
466 3175 571 3256 poeta,
594 3172 710 3236 liberos
734 3173 826 3235 malis
851 3172 1005 3255 exemplis
1029 3173 1208 3236 domesticis

147 3299 319 3380 corrumpi,
355 3297 500 3380 quamvis
535 3319 597 3361 nou
633 3299 730 3381 neget
764 3297 924 3378 interdum
954 3297 1023 3360 fieri
1044 3319 1149 3379 posse,
1174 3302 1209 3360 ut

147 3423 245 3487 etiam
279 3423 409 3505 pessimi
436 3425 585 3504 parentes
609 3423 689 3486 bene
713 3428 850 3486 moratos
874 3412 955 3485 filios
979 3421 1120 3485 habeant
1144 3420 1207 3502 (vv.

147 3548 304 3630 31-37).

255 3671 357 3747 Quam
381 3672 420 3735 ob
444 3693 512 3734 rem
536 3671 693 3742 exolamat
717 3670 759 3752 (v.
784 3670 857 3753 38):

448 3846 595 3904 abstineas
619 3845 712 3922 igitur
736 3845 908 3904 damnandis

147 4009 237 4086 Quod
261 4031 317 4074 cur
339 4012 466 4073 moneat
488 4009 552 4072 iam
576 4009 720 4072 novimus
745 4009 849 4087 exiis,
871 4031 941 4091 quae
959 4011 1206 4087 antecesserunt,

145 4137 204 4199 sed
237 4139 332 4219 poeta
367 4135 426 4199 hoc
461 4134 567 4209 iterat,
603 4155 666 4216 quo
700 4134 814 4198 melius
848 4133 1008 4197 mentibus
1031 4133 1209 4196 inculcetur
