2854 4828
555 427 729 490 -93>-

107 625 195 666 mam
218 601 317 666 habet
340 603 418 666 artis
442 624 507 667 suae
531 597 749 691 ostendendae:
774 605 978 688 nequeenim
995 603 1178 689 Rupertius

104 727 173 792 sine
199 727 267 791 iure
292 728 423 791 adnotat
445 727 480 810 (l.
504 728 526 791 1.
550 751 582 811 p.
607 727 695 810 436),
720 730 909 812 praeclaram
927 735 959 794 et
976 752 1176 795 consumma-

103 852 263 916 tissimam
286 851 369 916 hanc
394 873 461 916 0000
484 853 654 937 picturam,
690 855 782 938 eique
806 855 1069 938 exquisitissimos
1093 855 1179 920 eolo·
1275 897 1281 904 ·

104 999 156 1041 res
190 978 348 1042 inductos.
394 977 505 1057 Poeta,
542 981 577 1041 ut
600 979 706 1042 facere
731 979 820 1058 solet,
845 1002 907 1063 quo
931 981 1088 1044 maiorem
1111 981 1177 1048 vim

105 1102 241 1166 orationi
276 1103 382 1180 addat,
417 1125 516 1166 unum
549 1104 601 1168 vel
631 1105 767 1168 alterurn
789 1104 976 1188 loquentem
998 1105 1119 1169 inducit
1145 1110 1177 1170 01

107 1227 326 1291 confitendum
349 1229 407 1306 est,
431 1250 605 1311 numquam
629 1251 702 1292 eum
725 1229 855 1294 meliore
879 1239 1027 1294 successu
1051 1229 1113 1295 hoe
1129 1231 1178 1294 fe-

107 1353 189 1416 cisse
213 1374 309 1437 quam
332 1376 361 1417 v.
388 1353 468 1416 158:

322 1520 487 1578 mercedem
511 1521 665 1595 appellas?
690 1521 762 1596 quid
786 1521 864 1578 enirn
879 1520 960 1580 scio?

108 1671 244 1736 Crebrae
267 1677 425 1756 praeterea
449 1695 522 1737 eum
546 1674 792 1738 exclamationes
816 1675 849 1737 in
872 1674 933 1738 hac
956 1679 1049 1759 parte
1069 1676 1178 1740 satirae

106 1819 172 1862 non
205 1798 332 1876 vitasse,
367 1802 438 1880 post
473 1820 521 1876 ea,
556 1820 627 1882 quae
663 1820 760 1881 supra
795 1800 833 1863 de
857 1799 1085 1864 consuetudine
1110 1800 1179 1864 eius
1214 1885 1215 1892 ἵ

107 1923 269 1986 scribendi
304 1922 545 2006 disputavimus
579 1946 642 1987 non
664 1925 781 1988 mirum
805 1930 863 1989 est.
909 1924 962 1988 Ad
985 1926 1178 1989 sententiam

106 2047 221 2110 melius
256 2046 515 2131 intellegendam,
552 2069 624 2112 eum
655 2049 728 2127 sint,
753 2071 823 2132 quae
847 2049 875 2112 si
889 2023 962 2115 non
986 2051 1120 2114 obscura
1143 2054 1178 2114 at

109 2174 195 2235 certe
219 2171 324 2254 primo
348 2175 480 2254 aspectu
504 2173 600 2236 dubia
621 2173 800 2255 videantur,
824 2172 970 2257 inprimis
994 2175 1032 2238 de
1056 2197 1085 2238 v.
1113 2175 1175 2238 171
1201 2159 1203 2170 ¹

367 2356 437 2414 ergo
461 2337 517 2396 sibi
541 2338 624 2396 dabit
647 2339 708 2414 ipse
731 2340 837 2398 rudem
861 2342 917 2399 001.

106 2513 211 2574 pauca
234 2491 386 2556 dicamus
425 2489 499 2556 Non
524 2495 572 2556 est
596 2493 681 2556 enim
703 2493 809 2574 facile,
834 2495 911 2578 quid
935 2495 995 2560 sibi
1018 2495 1096 2559 velit
1119 2495 1178 2559 illa

107 2616 276 2699 particula,
301 2639 371 2699 quae
397 2619 445 2680 001
468 2639 556 2701 erge,
586 2619 746 2702 extemplo
771 2619 906 2702 assequi.
954 2617 992 2683 10
1015 2620 1054 2683 110
1078 2621 1179 2685 versi·

108 2736 178 2820 bus,
202 2741 257 2825 qui
279 2742 475 2824 praecedunt,
500 2739 660 2806 luvenalis
685 2743 763 2806 dicit
786 2743 953 2827 sophista-e,
977 2745 998 2807 i.
1023 2745 1179 2809 0011010-

109 2888 170 2944 res,
195 2887 268 2929 cum
290 2865 479 2930 vilissimam
501 2867 681 2932 mercedem
703 2868 850 2932 laborum
866 2869 1034 2951 accipiant,
1051 2872 1179 2952 raptore

109 2992 221 3056 relicto
245 2989 279 3072 (i.
306 3012 333 3054 0.
358 2991 440 3055 fietis
464 2992 615 3056 suasoriis
640 2996 672 3056 et
696 2993 918 3058 controversiis
935 2992 1070 3076 relictis)
1085 3016 1178 3058 veras

110 3117 185 3180 lites
221 3117 355 3201 agitare.
402 3115 501 3179 Fiunt
535 3117 635 3202 igitur
670 3139 709 3180 ex
743 3116 924 3182 rhetoribus
956 3119 1110 3182 causidici
1146 3122 1180 3182 01

107 3241 236 3324 patroni
259 3263 378 3320 eorum,
402 3241 457 3324 qui
481 3242 622 3305 accusati
645 3245 728 3306 sunt.
763 3240 863 3306 Recte
888 3264 940 3306 eos
964 3242 1088 3322 fecisse,
1107 3265 1179 3307 eum

109 3388 150 3429 ex
173 3367 287 3431 umbra
310 3365 470 3430 rhetorica
486 3367 726 3450 egrederentur,
743 3389 835 3431 nemo
852 3355 1029 3454 negaverit,
1046 3368 1178 3434 minime

109 3493 207 3574 poeta
229 3490 309 3573 ipse,
334 3490 389 3573 qui
410 3511 467 3553 cur
482 3490 625 3555 rhetores
643 3513 711 3556 esse
727 3492 983 3575 prohiberentur,
1000 3516 1051 3558 vv.
1070 3494 1177 3558 158-

111 3616 175 3678 166
212 3615 289 3678 satis
325 3614 462 3679 dilucide
488 3616 726 3682 demonstravit.
772 3615 989 3690 Nihilominus
1013 3619 1104 3682 addit
1126 3641 1178 3684 vv.

111 3739 282 3804 171-73:

219 3907 291 3966 ergo
314 3888 371 3948 sibi
395 3888 479 3946 dabit
501 3889 563 3964 ipse
586 3890 700 3961 rudem,
725 3890 750 3948 si
773 3894 875 3950 nostra
897 3891 1062 3951 movebunt

219 3995 341 4056 consilia
365 3999 395 4054 et
417 3996 487 4054 vitae
513 3996 662 4056 diversum
685 3997 743 4055 iter
765 3997 960 4074 ingredietur,

219 4103 257 4160 ed
280 4121 412 4178 pugnam
437 4103 489 4178 qui
511 4103 659 4163 rhetorica
683 4103 833 4162 descendit
856 4105 892 4162 ab
916 4105 1033 4163 umbra.
