2930 4836
566 463 605 472 -
631 428 759 502 ror—
840 499 843 512 ,

109 627 221 690 posse
244 605 385 684 tolerari,
410 605 437 668 si
460 586 531 688 post
554 606 659 668 omnia
681 604 739 668 illa
763 604 908 688 exempla
924 605 1105 690 legeretur3
1129 604 1193 667 iam

110 753 205 795 vero
239 751 410 814 perperam
436 731 549 793 fecisse
574 729 767 809 Iuvenalem,
793 750 864 793 cum
887 729 1045 794 nonnullis
1068 732 1193 792 tantum

115 855 285 940 exemplis
321 855 427 922 allatis
463 877 536 918 eum
571 855 757 932 inculcaret,
795 856 908 918 deinde
943 877 1024 919 nora
1048 842 1194 936 enempla

113 984 307 1045 monstrare
342 984 504 1064 pergeret.
551 978 660 1044 Simile
696 981 849 1043 iudicium
884 979 1033 1064 Pinzgeri
1058 981 1119 1042 est:
1156 1001 1193 1042 eo
1258 1059 1260 1068 Ι

113 1106 257 1186 clarina,
292 1106 406 1188 inquit,
442 1105 494 1168 hic
529 1127 638 1168 versus
673 1103 935 1188 interpolatorem
968 1105 1084 1188 prodit,
1120 1105 1194 1186 quia

117 1231 276 1298 madidus
307 1225 408 1294 cirrus
432 1231 463 1293 in
490 1251 607 1294 cornua
629 1233 731 1294 tortus
755 1252 817 1294 non
842 1231 880 1293 ad
904 1233 1052 1292 naturam
1075 1229 1130 1292 sed
1154 1229 1194 1291 ad

120 1361 234 1422 artem
256 1356 397 1442 pertinet
415 1355 448 1438 ¹).

239 1483 341 1560 Addo,
373 1483 456 1565 quod
481 1503 577 1562 supra
601 1481 677 1556 dixi,
702 1503 793 1562 posse
817 1481 934 1563 respui,
959 1481 983 1544 si
1009 1503 1117 1544 ornnes
1141 1503 1193 1546 eos

119 1629 242 1672 uersus
277 1627 425 1689 respuere
461 1605 567 1683 liceat,
604 1605 669 1688 qui,
705 1605 850 1687 quamvis
878 1605 911 1668 in
934 1606 1096 1669 codicibus
1120 1607 1192 1684 sint,

123 1738 240 1796 tamen
273 1731 356 1794 male
391 1731 567 1813 compositi·
594 1731 761 1796 uideantur
796 1735 891 1813 atque
926 1736 1021 1812 poeta
1051 1731 1192 1814 indigni:

122 1859 229 1922 timeo
263 1879 302 1920 ne
338 1856 429 1920 multi
464 1877 572 1919 versus
607 1856 641 1918 in
676 1855 806 1919 dubium
840 1856 981 1918 revocari
1007 1860 1141 1938 possent,
1167 1857 1194 1920 si

125 1983 191 2046 hoc
216 1981 357 2044 sufficere
382 1983 603 2044 statueremus.
1105 1965 1107 1970 ’

238 2106 404 2170 Proximus
428 2127 537 2168 versus
562 2108 609 2168 est
635 2107 713 2169 183:

270 2264 545 2338 quantulacumque
570 2263 642 2320 adeo
667 2266 712 2320 est
735 2263 857 2332 eccesie,
883 2262 990 2320 suffieit
1013 2261 1065 2319 irae

128 2429 282 2514 Frigidus
317 2449 393 2490 sane
428 2449 547 2504 versus
576 2427 682 2508 inepte
707 2426 827 2508 positus
852 2426 936 2489 inter
958 2427 1100 2489 indoctos
1117 2426 1194 2504 villos

130 2554 280 2618 homines
305 2555 346 2630 et,
363 2553 417 2635 qui
434 2552 474 2615 iis
490 2555 701 2634 opponuntur,
717 2573 851 2635 magnos
867 2551 1084 2634 philosophos.
1120 2549 1194 2614 lah-

128 2679 205 2742 nius
229 2701 300 2742 eum
325 2677 421 2754 delet,
446 2675 649 2739 Hermannus
669 2676 797 2754 retinet,
814 2676 933 2739 maiore
950 2676 1028 2752 iure,
1047 2677 1193 2755 arbitror,

128 2804 187 2912 ille
223 2825 318 2886 quarn
351 2802 413 2866 hic.
461 2800 676 2878 HeinrichiuS,
701 2801 755 2884 qui
780 2805 828 2864 est
851 2823 917 2865 mos
942 2801 1019 2877 eius,
1045 2802 1195 2865 audacter

131 2931 303 3005 asseverat,
322 2925 511 2989 monachum
528 2926 667 3008 aliquem
683 2926 848 2988 ostendere
861 2925 1010 3003 voluisse,
1023 2948 1056 2988 se
1069 2917 1194 3008 quoque

129 3075 258 3118 versum
282 3051 503 3114 hexametrum
518 3072 715 3159 'componere
741 3050 898 3113 didicisse.

239 3175 393 3240 Venimus
418 3176 457 3238 ad
480 3198 531 3238 vv.
558 3175 748 3238 187-189:

760 3315 888 3390 plurima
913 3313 982 3371 felix

292 3423 436 3498 paulatim
460 3422 534 3480 vitia
558 3425 649 3496 atque
672 3439 785 3479 errores
810 3421 891 3478 exuit
914 3429 1024 3490 omnes
1116 3405 1120 3424 ’

292 3529 388 3606 prima
412 3530 498 3588 docet
521 3533 636 3588 rectum
659 3529 803 3603 sapientia

131 3715 210 3778 quos
246 3715 318 3756 cum
354 3692 541 3761 Heinriohio
570 3694 602 3754 et
625 3691 810 3754 Hermanno
835 3689 1004 3754 defendere
1028 3691 1194 3754 noluerim.

132 3817 254 3894 Quibus
289 3818 433 3881 versibus
468 3817 609 3893 remotis,
645 3837 741 3898 quam
776 3817 849 3898 apte
877 3815 1051 3879 versiculus
1077 3815 1139 3877 189
1164 3817 1196 3877 et

132 3965 203 4026 quae
228 3945 403 4025 sequuntur
427 3941 524 4004 verba
548 3939 738 4003 conveniant
761 3960 832 4002 cum
856 3939 906 4018 iis,
923 3961 993 4022 qnae
1012 3939 1049 4002 de
1067 3936 1195 4002 Socrate

244 4119 263 4184 ¹)
283 4085 400 4172 Priasus
419 4118 437 4171 l.
458 4117 475 4171 l.
495 4136 522 4186 p.
543 4117 584 4170 13.
648 4159 665 4178 Μ
