2916 4834
732 437 904 500 ..32-

281 637 396 698 perum
429 615 578 678 miseram
613 613 839 691 condicionem,
874 616 993 695 prester
1027 611 1218 690 clientelam,
1238 600 1343 675 'nobis

282 742 356 803 ante
380 739 487 803 oculos
510 740 700 821 ponendam.
746 735 786 801 In
808 738 923 821 quibus
946 737 1100 815 versibus,
1124 736 1179 819 qni
1195 736 1343 799 iaminde

236 939 244 954 ι
282 885 301 928 1
326 865 389 927 126
413 886 512 948 usque
537 864 576 927 ad
601 863 664 928 190
689 861 922 940 continuantur,
938 861 1020 925 nihil
1035 861 1163 926 difficile
1176 861 1345 939 invenitur,

283 993 339 1051 ant
361 989 445 1072 quod
469 990 509 1052 ab
533 989 707 1053 editoribus
731 987 878 1055 dissimili
901 988 995 1050 modo
1019 986 1206 1069 explicetur,
1230 989 1347 1069 praeter

278 1113 380 1177 verba
402 1113 468 1191 illa,
493 1135 564 1196 quae
587 1135 618 1176 v.
644 1112 707 1177 132
731 1112 882 1196 leguntur

496 1297 573 1354 alter
596 1295 683 1368 enim,
708 1297 856 1370 quantum
878 1294 909 1352 in
931 1295 1047 1370 legione
1071 1296 1126 1352 cet.

282 1485 335 1550 Ad
367 1509 398 1550 v.
435 1486 496 1550 131
534 1485 740 1550 Heinrichius
775 1485 809 1567 (l.
838 1485 860 1550 l.
884 1507 916 1568 p.
942 1483 1018 1566 145)
1043 1485 1182 1564 adnotat,
1206 1488 1347 1549 tenorem

284 1611 436 1674 orationis
460 1610 551 1693 qnasi
575 1609 732 1693 abrumpi,
763 1613 795 1673 et
818 1612 904 1673 recte
926 1609 981 1672 ille
1006 1608 1144 1692 quidem,
1168 1631 1243 1672 nam
1266 1629 1348 1672 nova

283 1725 392 1820 imago
416 1758 434 1798 a
457 1738 552 1818 poeta
575 1734 746 1814 inducitur,
776 1755 835 1796 nec
858 1736 966 1796 tamen
990 1756 1028 1797 ea
1049 1732 1186 1797 multum
1210 1732 1347 1796 dissimi-

280 1859 331 1938 lis,
368 1881 438 1923 cum
470 1860 509 1922 ad
540 1859 690 1922 clientem
712 1880 887 1942 pauperem
910 1861 1044 1942 utraque
1067 1858 1239 1941 pertineat.
1285 1855 1348 1922 Sed

280 2005 366 2047 nunc
390 1985 428 2047 de
451 2006 481 2047 v.
508 1984 581 2048 132.
627 1981 701 2047 Non
725 1983 903 2061 defuerunt,
927 1984 983 2066 qui
1005 2004 1113 2047 omnes
1136 2005 1250 2046 nervos
1272 2003 1347 2046 con·

280 2109 459 2184 tenderent,
495 2112 531 2172 ut
560 2108 619 2172 hoc
642 2108 711 2172 loco
734 2109 956 2172 transitionem
978 2131 1092 2173 novam
1116 2111 1148 2171 et
1170 2107 1348 2172 inauditam

280 2232 567 2316 deprehenderent.
613 2230 675 2296 Sed
705 2232 799 2316 quale
822 2233 991 2316 praemium
1012 2233 1131 2296 laboris
1156 2235 1348 2315 acceperunt

281 2361 339 2421 aut
361 2357 437 2441 quid
461 2357 587 2421 omnino
610 2357 825 2440 profecerunt,
842 2357 870 2420 si
885 2358 924 2420 iis
942 2357 1087 2442 contigit,
1104 2359 1139 2420 ut
1155 2357 1347 2420 sententiam

219 2481 224 2487 ’
283 2482 462 2565 simplicem
486 2485 518 2546 et
541 2481 739 2564 aptissimam
762 2482 795 2580 in
818 2482 959 2564 peiorem
984 2484 1165 2546 mutarent?
1205 2479 1347 2555 Quorum

279 2629 372 2671 error
405 2607 439 2670 in
474 2629 511 2671 eo
540 2606 739 2689 potissimum
767 2607 916 2687 cernitur,
941 2607 1025 2690 quod
1046 2607 1154 2684 verba,
1177 2628 1249 2690 quae
1273 2609 1347 2670 sunt

282 2730 333 2794 dic
357 2736 389 2794 et
412 2732 502 2813 alter,
515 2731 600 2794 inter
622 2751 655 2793 se
679 2734 853 2812 opponunt,
877 2735 1040 2814 tamquam
1064 2731 1091 2794 si
1114 2730 1266 2794 contrarii
1287 2730 1346 2794 ho·
1428 2791 1429 2824 ᾗ

280 2857 382 2920 mines
413 2855 643 2941 significentur.
689 2853 770 2918 Tum
798 2877 873 2919 vero
896 2854 1163 2940 significationem
1185 2854 1347 2919 insolitam

279 2981 446 3065 particulae
470 2983 551 3043 enim
574 2981 650 3043 dare
674 2984 840 3064 coguntur,
859 2983 953 3063 atque
970 2981 1097 3044 omnino
1113 3002 1160 3059 ea,
1177 3001 1248 3063 quae
1265 2979 1347 3042 dixit

279 3110 386 3189 poeta,
410 3106 489 3169 adeo
512 3104 718 3184 confundunt,
742 3108 778 3168 ut
794 3105 861 3168 sine
877 3106 1026 3169 remediis
1043 3105 1256 3169 acerbissimis
1272 3125 1346 3167 sen·

277 3231 381 3295 tentia
404 3230 531 3294 restitui
552 3252 617 3294 non
640 3231 751 3313 possit.

386 3353 542 3418 Weidner
577 3357 609 3418 et
643 3353 847 3419 Hermannus
881 3360 964 3434 sunt,
997 3355 1052 3440 qni
1075 3321 1229 3419 hocloco
1252 3354 1346 3438 plura

279 3481 380 3545 latere
404 3479 615 3562 suspicantur,
638 3502 736 3563 quam
758 3502 829 3564 quae
854 3477 1013 3546 luvenalis
1029 3481 1097 3564 ipse
1114 3481 1218 3544 dicere
1235 3479 1345 3544 voluit.

279 3603 362 3680 Quid
386 3605 470 3668 enim
494 3625 573 3687 opus
597 3607 646 3666 est
669 3626 742 3668 cum
764 3606 803 3669 iis
827 3609 977 3685 statuere,
994 3628 1111 3670 novam
1126 3627 1185 3688 per
1200 3605 1344 3684 verbum,

279 3730 364 3813 quod
387 3734 435 3793 est
458 3728 549 3806 alter,
580 3749 749 3811 personam
771 3729 805 3794 in
828 3753 966 3795 scaenam
988 3731 1118 3794 induci?
1163 3728 1251 3794 Num
1273 3753 1345 3795 ora-

277 3855 397 3918 tionem
420 3850 659 3918 Iuvenalianam
682 3855 776 3936 sapit,
793 3855 820 3918 si
834 3853 1017 3938 vertamurzl
1032 3855 1116 3920 filius
1132 3856 1346 3940 ingenuorum

279 4001 383 4044 comes
408 3981 456 4042 est
478 3977 586 4041 divitis
609 3977 752 4042 libertini
777 4016 817 4024 -
841 4003 917 4044 nam
940 3982 979 4046 de
1004 4003 1041 4046 eo
1065 3981 1187 4060 sileam,
1211 3981 1266 4064 qui
1286 4001 1344 4064 pe-

277 4105 406 4170 cuniam
436 4124 587 4188 magnam
611 4103 707 4167 donet
730 4104 862 4170 amicae?
907 4105 997 4170 Tolle
1020 4127 1135 4170 novam
1157 4105 1247 4168 illam
1269 4126 1343 4188 per·
