2854 4828
577 456 752 518 -97-

96 629 210 706 ouaeri
243 634 359 715 potest,
396 631 521 695 cuinam
556 632 625 696 haeo
666 633 766 698 verba
807 633 948 697 tribuere
989 601 1170 706 debeamus,

100 756 203 822 Credo
238 760 270 820 et
304 757 493 841 parentibus
527 759 559 821 et
593 761 708 842 poetae.
755 757 955 842 Quamquam
987 757 1072 822 enim
1107 781 1170 824 non

100 882 289 946 inusitatum
324 887 381 962 111,
415 885 549 948 verbum
583 884 667 966 quod
702 886 751 946 est
785 883 890 968 inquit
912 883 1170 968 impersonaliter

101 1009 259 1093 usurpari,
276 1010 375 1076 cuius
398 1009 446 1072 rei
470 1009 617 1092 exempla
639 1012 713 1073 suut
736 1005 796 1074 III.
822 1009 900 1074 153:
926 997 930 1009 ,

726 1178 811 1234 exeat
844 1175 953 1252 inquit,

315 1283 340 1342 si
362 1283 460 1358 pudor
484 1287 528 1341 111

100 1439 134 1500 11
156 1435 241 1500 infra
264 1433 353 1501 XIV.
381 1438 458 1502 153:

168 1602 241 1678 quid
263 1605 350 1661 111111
372 1604 445 1674 haeo,
469 1604 577 1679 inquit,
601 1603 735 1662 tunicam
757 1604 829 1662 mihi
852 1605 931 1664 malo
954 1604 1089 1679 lupinam

97 1759 210 1820 tamen
243 1758 448 1842 perspicuum
478 1760 536 1837 111,
567 1758 674 1822 verbis
697 1779 768 1842 quae
793 1763 866 1822 sunt
888 1759 957 1823 haeo
982 1780 1165 1842 11111111-

98 1884 207 1946 rentes
230 1882 404 1947 liberorum
427 1884 551 1967 respici.
599 1882 644 1946 At
672 1883 770 1946 iidem
792 1887 940 1966 parentes
966 1883 1081 1948 addere
1104 1905 1167 1947 non

97 2012 233 2091 possunt
256 2029 304 2086 ea,
328 2030 400 2091 quae
421 1992 453 2073 tv.
478 2031 525 2092 sq.
549 2008 716 2093 leguntur:

245 2174 344 2249 accipe
368 2174 474 2233 victori
496 2176 625 2251 populus
649 2175 730 2250 quod
751 2175 886 2250 postulat
909 2193 1016 2232 aurum

94 2329 151 2392 vel
186 2330 226 2394 ob
251 2351 320 2392 eam
346 2351 482 2410 causam,
508 2330 592 2412 quod
615 2328 685 2393 haee
707 2331 806 2393 verba
831 2351 903 2392 cum
927 2331 1038 2412 aperta
1060 2329 1164 2392 ironia

97 2454 258 2535 dicuntur,
275 2459 424 2537 parentes
442 2458 557 2534 autem,
575 2455 718 2538 quamvis
736 2453 888 2539 exiguum
902 2454 1042 2537 pretium
1058 2475 1166 2538 gram-

95 2580 225 2644 maticis
260 2580 395 2658 solvant,
430 2583 539 2643 tamen
571 2602 604 2644 se
628 2580 760 2643 nimium
785 2580 908 2644 dedisse
932 2599 1058 2664 semper
1082 2579 1167 2643 arbi-

95 2707 245 2770 trantur:

654 2890 700 2930 res
724 2872 807 2928 nulla
830 2870 951 2928 minoris

261 2979 409 3039 constabit
431 2979 512 3054 patri
535 2999 625 3053 qnam
648 2978 725 3036 filius

91 3136 203 3201 Poeta
225 3135 327 3220 igitur
350 3134 429 3218 ipse,
453 3133 680 3216 parsimoniam
702 3135 871 3215 parentum
888 3131 1050 3210 caviliano,
1066 3132 1165 3196 verba

94 3283 210 3326 eorum
233 3260 407 3340 continuat,
432 3281 503 3323 cum
526 3259 616 3324 iubet
630 3262 862 3341 praeceptorem
877 3256 1065 3321 vilissimam
1080 3278 1166 3319 mer-

91 3388 211 3452 cedem
233 3385 331 3450 totius
356 3385 430 3448 anni
452 3384 597 3449 laborum
620 3383 775 3467 accipere.
