<?xml version="1.0" encoding="UTF-8"?>
<!DOCTYPE html PUBLIC "-//W3C//DTD XHTML 1.0 Transitional//EN"
    "http://www.w3.org/TR/xhtml1/DTD/xhtml1-transitional.dtd">
<html xmlns="http://www.w3.org/1999/xhtml" xml:lang="en" lang="en">
 <head>
  <title>
</title>
<meta http-equiv="Content-Type" content="text/html;charset=utf-8" />
  <meta name='ocr-system' content='tesseract 3.04.00' />
  <meta name='ocr-capabilities' content='ocr_page ocr_carea ocr_par ocr_line ocrx_word'/>
</head>
<body>
  <div class='ocr_page' id='page_1' title='image "./deargumentidisp00grylgoog_0052.png"; bbox 0 0 2916 4834; ppageno 0'>
   <div class='ocr_carea' id='block_1_1' title="bbox 565 426 739 490">
    <p class='ocr_par' dir='ltr' id='par_1_1' title="bbox 565 426 739 490">
     <span class='ocr_line' id='line_1_1' title="bbox 565 426 739 490; baseline 0 -20"><span class='ocrx_word' id='word_1_1' title='bbox 565 426 739 490; x_wconf 81' lang='lat'>-45..</span> 
     </span>
    </p>
   </div>
   <div class='ocr_carea' id='block_1_2' title="bbox 113 602 1186 1690">
    <p class='ocr_par' dir='ltr' id='par_1_2' title="bbox 113 602 1183 814">
     <span class='ocr_line' id='line_1_2' title="bbox 114 602 1183 686; baseline -0.003 -17"><span class='ocrx_word' id='word_1_2' title='bbox 114 605 306 683; x_wconf 90' lang='lat' dir='ltr'>elicuerunt,</span> <span class='ocrx_word' id='word_1_3' title='bbox 342 608 378 668; x_wconf 90' lang='lat' dir='ltr'>ut</span> <span class='ocrx_word' id='word_1_4' title='bbox 410 603 677 668; x_wconf 74' lang='lat' dir='ltr'>reconciliationis</span> <span class='ocrx_word' id='word_1_5' title='bbox 712 603 839 668; x_wconf 90' lang='lat' dir='ltr'>omnino</span> <span class='ocrx_word' id='word_1_6' title='bbox 873 625 945 686; x_wconf 89' lang='lat' dir='ltr'>spes</span> <span class='ocrx_word' id='word_1_7' title='bbox 973 602 1062 666; x_wconf 86' lang='lat' dir='ltr'>nulla</span> <span class='ocrx_word' id='word_1_8' title='bbox 1091 603 1183 666; x_wconf 87' lang='lat' dir='ltr'>esset.</span> 
     </span>
     <span class='ocr_line' id='line_1_3' title="bbox 113 729 606 814; baseline -0.004 -20"><span class='ocrx_word' id='word_1_9' title='bbox 113 729 184 795; x_wconf 87' lang='lat' dir='ltr'>Nos</span> <span class='ocrx_word' id='word_1_10' title='bbox 208 752 282 795; x_wconf 84' lang='lat' dir='ltr'>vero</span> <span class='ocrx_word' id='word_1_11' title='bbox 305 751 400 814; x_wconf 88' lang='lat' dir='ltr'>porro</span> <span class='ocrx_word' id='word_1_12' title='bbox 424 751 606 814; x_wconf 81' lang='lat' dir='ltr'>pergamus.</span> 
     </span>
    </p>

    <p class='ocr_par' dir='ltr' id='par_1_3' title="bbox 113 853 1186 1690">
     <span class='ocr_line' id='line_1_4' title="bbox 225 853 1183 948; baseline -0.005 -28"><span class='ocrx_word' id='word_1_13' title='bbox 225 855 302 931; x_wconf 78' lang='lat' dir='ltr'>Qua</span> <span class='ocrx_word' id='word_1_14' title='bbox 336 877 421 920; x_wconf 89' lang='lat' dir='ltr'>nunc</span> <span class='ocrx_word' id='word_1_15' title='bbox 455 855 599 938; x_wconf 91' lang='lat' dir='ltr'>sequitur</span> <span class='ocrx_word' id='word_1_16' title='bbox 632 855 789 938; x_wconf 88' lang='lat' dir='ltr'>posterior</span> <span class='ocrx_word' id='word_1_17' title='bbox 822 854 875 948; x_wconf 82' lang='lat' dir='ltr'>vel</span> <span class='ocrx_word' id='word_1_18' title='bbox 905 854 1010 938; x_wconf 88' lang='lat' dir='ltr'>potius</span> <span class='ocrx_word' id='word_1_19' title='bbox 1033 853 1183 937; x_wconf 88' lang='lat' dir='ltr'>princeps</span> 
     </span>
     <span class='ocr_line' id='line_1_5' title="bbox 113 965 1185 1066; baseline -0.003 -20"><span class='ocrx_word' id='word_1_20' title='bbox 113 1003 192 1066; x_wconf 87' lang='lat' dir='ltr'>pars</span> <span class='ocrx_word' id='word_1_21' title='bbox 215 982 322 1046; x_wconf 87' lang='lat' dir='ltr'>satirae</span> <span class='ocrx_word' id='word_1_22' title='bbox 346 981 380 1046; x_wconf 89' lang='lat' dir='ltr'>in</span> <span class='ocrx_word' id='word_1_23' title='bbox 404 981 483 1046; x_wconf 85' lang='lat' dir='ltr'>duas</span> <span class='ocrx_word' id='word_1_24' title='bbox 505 985 613 1063; x_wconf 88' lang='lat' dir='ltr'>partes</span> <span class='ocrx_word' id='word_1_25' title='bbox 637 980 732 1044; x_wconf 86' lang='lat' dir='ltr'>facile</span> <span class='ocrx_word' id='word_1_26' title='bbox 754 979 915 1058; x_wconf 86' lang='lat' dir='ltr'>dividitur,</span> <span class='ocrx_word' id='word_1_27' title='bbox 933 1001 1068 1063; x_wconf 91' lang='lat' dir='ltr'>quarum</span> <span class='ocrx_word' id='word_1_28' title='bbox 1084 965 1185 1043; x_wconf 82' lang='lat' dir='ltr'>altera¹</span> 
     </span>
     <span class='ocr_line' id='line_1_6' title="bbox 114 1103 1183 1191; baseline -0.004 -21"><span class='ocrx_word' id='word_1_29' title='bbox 114 1107 270 1171; x_wconf 87' lang='lat' dir='ltr'>fabellam</span> <span class='ocrx_word' id='word_1_30' title='bbox 294 1107 332 1176; x_wconf 85' lang='lat' dir='ltr'>de</span> <span class='ocrx_word' id='word_1_31' title='bbox 355 1107 514 1191; x_wconf 73' lang='lat' dir='ltr'>piscatore</span> <span class='ocrx_word' id='word_1_32' title='bbox 538 1106 688 1184; x_wconf 88' lang='lat' dir='ltr'>continet,</span> <span class='ocrx_word' id='word_1_33' title='bbox 714 1105 816 1169; x_wconf 85' lang='lat' dir='ltr'>altera</span> <span class='ocrx_word' id='word_1_34' title='bbox 839 1104 1005 1169; x_wconf 87' lang='lat' dir='ltr'>consilium</span> <span class='ocrx_word' id='word_1_35' title='bbox 1021 1103 1183 1184; x_wconf 85' lang='lat' dir='ltr'>describit,</span> 
     </span>
     <span class='ocr_line' id='line_1_7' title="bbox 113 1226 1185 1322; baseline -0.005 -26"><span class='ocrx_word' id='word_1_36' title='bbox 113 1234 202 1316; x_wconf 91' lang='lat' dir='ltr'>quod</span> <span class='ocrx_word' id='word_1_37' title='bbox 231 1233 266 1296; x_wconf 91' lang='lat' dir='ltr'>in</span> <span class='ocrx_word' id='word_1_38' title='bbox 294 1231 405 1296; x_wconf 81' lang='lat' dir='ltr'>villam</span> <span class='ocrx_word' id='word_1_39' title='bbox 429 1229 590 1296; x_wconf 77' lang='lat' dir='ltr'><strong>Albanam</strong></span> <span class='ocrx_word' id='word_1_40' title='bbox 613 1230 815 1295; x_wconf 86' lang='lat' dir='ltr'>Domitianus</span> <span class='ocrx_word' id='word_1_41' title='bbox 840 1231 1078 1295; x_wconf 84' lang='lat' dir='ltr'>convocaverat.</span> <span class='ocrx_word' id='word_1_42' title='bbox 1124 1226 1185 1322; x_wconf 81' lang='lat' dir='ltr'>Illa</span> 
     </span>
     <span class='ocr_line' id='line_1_8' title="bbox 115 1355 1184 1453; baseline -0.004 -30"><span class='ocrx_word' id='word_1_43' title='bbox 115 1356 351 1453; x_wconf 37' lang='lat' dir='ltr'>(vadi—70)</span> <span class='ocrx_word' id='word_1_44' title='bbox 376 1358 416 1421; x_wconf 91' lang='lat' dir='ltr'>ab</span> <span class='ocrx_word' id='word_1_45' title='bbox 439 1356 500 1421; x_wconf 87' lang='lat' dir='ltr'>hac</span> <span class='ocrx_word' id='word_1_46' title='bbox 524 1355 588 1438; x_wconf 85' lang='lat' dir='ltr'><strong>(vv.</strong></span> <span class='ocrx_word' id='word_1_47' title='bbox 614 1356 780 1438; x_wconf 79' lang='lat'>72-149)</span> <span class='ocrx_word' id='word_1_48' title='bbox 804 1356 1022 1442; x_wconf 77' lang='lat' dir='ltr'>distinguitur,</span> <span class='ocrx_word' id='word_1_49' title='bbox 1047 1357 1083 1420; x_wconf 90' lang='lat' dir='ltr'>ut</span> <span class='ocrx_word' id='word_1_50' title='bbox 1099 1356 1184 1439; x_wconf 89' lang='lat' dir='ltr'>apud</span> 
     </span>
     <span class='ocr_line' id='line_1_9' title="bbox 113 1479 1186 1580; baseline -0.003 -34"><span class='ocrx_word' id='word_1_51' title='bbox 113 1479 302 1548; x_wconf 82' lang='lat' dir='ltr'>Iuvenalem</span> <span class='ocrx_word' id='word_1_52' title='bbox 325 1503 543 1580; x_wconf 87' lang='lat' dir='ltr'>saepenumero</span> <span class='ocrx_word' id='word_1_53' title='bbox 578 1481 624 1559; x_wconf 87' lang='lat' dir='ltr'>fit,</span> <span class='ocrx_word' id='word_1_54' title='bbox 656 1481 815 1544; x_wconf 85' lang='lat' dir='ltr'>sententia</span> <span class='ocrx_word' id='word_1_55' title='bbox 837 1481 989 1554; x_wconf 88' lang='lat' dir='ltr'>immissa,</span> <span class='ocrx_word' id='word_1_56' title='bbox 1014 1503 1085 1565; x_wconf 86' lang='lat' dir='ltr'>quae</span> <span class='ocrx_word' id='word_1_57' title='bbox 1110 1484 1186 1563; x_wconf 87' lang='lat' dir='ltr'>apte</span> 
     </span>
     <span class='ocr_line' id='line_1_10' title="bbox 114 1605 922 1690; baseline -0.002 -18"><span class='ocrx_word' id='word_1_58' title='bbox 114 1607 257 1673; x_wconf 83' lang='lat' dir='ltr'>cohaeret</span> <span class='ocrx_word' id='word_1_59' title='bbox 281 1629 353 1672; x_wconf 91' lang='lat' dir='ltr'>cum</span> <span class='ocrx_word' id='word_1_60' title='bbox 375 1607 414 1671; x_wconf 90' lang='lat' dir='ltr'>iis</span> <span class='ocrx_word' id='word_1_61' title='bbox 439 1629 509 1690; x_wconf 84' lang='lat' dir='ltr'>quoe</span> <span class='ocrx_word' id='word_1_62' title='bbox 534 1607 735 1670; x_wconf 87' lang='lat' dir='ltr'>antecedunt.</span> <span class='ocrx_word' id='word_1_63' title='bbox 783 1605 842 1669; x_wconf 79' lang='lat' dir='ltr'>nst</span> <span class='ocrx_word' id='word_1_64' title='bbox 865 1606 922 1670; x_wconf 87' lang='lat' dir='ltr'>illa</span> 
     </span>
    </p>
   </div>
   <div class='ocr_carea' id='block_1_3' title="bbox 224 1772 1066 1956">
    <p class='ocr_par' dir='ltr' id='par_1_4' title="bbox 224 1772 1066 1956">
     <span class='ocr_line' id='line_1_11' title="bbox 519 1772 1030 1847; baseline 0 -17"><span class='ocrx_word' id='word_1_65' title='bbox 519 1772 593 1830; x_wconf 86' lang='lat' dir='ltr'>nihil</span> <span class='ocrx_word' id='word_1_66' title='bbox 616 1775 670 1842; x_wconf 89' lang='lat' dir='ltr'>est,</span> <span class='ocrx_word' id='word_1_67' title='bbox 696 1772 776 1847; x_wconf 86' lang='lat' dir='ltr'>quod</span> <span class='ocrx_word' id='word_1_68' title='bbox 800 1773 917 1831; x_wconf 87' lang='lat' dir='ltr'>credere</span> <span class='ocrx_word' id='word_1_69' title='bbox 942 1773 977 1831; x_wconf 90' lang='lat' dir='ltr'>de</span> <span class='ocrx_word' id='word_1_70' title='bbox 1000 1791 1030 1830; x_wconf 90' lang='lat' dir='ltr'>se</span> 
     </span>
     <span class='ocr_line' id='line_1_12' title="bbox 224 1871 1066 1956; baseline -0.002 -18"><span class='ocrx_word' id='word_1_71' title='bbox 224 1899 284 1939; x_wconf 87' lang='lat' dir='ltr'>non</span> <span class='ocrx_word' id='word_1_72' title='bbox 306 1881 409 1956; x_wconf 88' lang='lat' dir='ltr'>possit,</span> <span class='ocrx_word' id='word_1_73' title='bbox 435 1899 503 1938; x_wconf 88' lang='lat' dir='ltr'>cum</span> <span class='ocrx_word' id='word_1_74' title='bbox 525 1879 678 1948; x_wconf 88' lang='lat' dir='ltr'>laudatur,</span> <span class='ocrx_word' id='word_1_75' title='bbox 703 1878 746 1936; x_wconf 90' lang='lat' dir='ltr'>dis</span> <span class='ocrx_word' id='word_1_76' title='bbox 771 1897 857 1954; x_wconf 86' lang='lat' dir='ltr'>aequa</span> <span class='ocrx_word' id='word_1_77' title='bbox 880 1882 1022 1954; x_wconf 85' lang='lat' dir='ltr'>potestas.</span> <span class='ocrx_word' id='word_1_78' title='bbox 1041 1871 1066 1954; x_wconf 85' lang='lat'>¹)</span> 
     </span>
    </p>
   </div>
   <div class='ocr_carea' id='block_1_4' title="bbox 112 2067 1242 3006">
    <p class='ocr_par' dir='ltr' id='par_1_5' title="bbox 112 2067 1183 2385">
     <span class='ocr_line' id='line_1_13' title="bbox 224 2067 1183 2153; baseline -0.002 -19"><span class='ocrx_word' id='word_1_79' title='bbox 224 2070 277 2134; x_wconf 84' lang='lat' dir='ltr'>Ad</span> <span class='ocrx_word' id='word_1_80' title='bbox 299 2070 358 2134; x_wconf 88' lang='lat' dir='ltr'>has</span> <span class='ocrx_word' id='word_1_81' title='bbox 382 2071 460 2134; x_wconf 89' lang='lat' dir='ltr'>duas</span> <span class='ocrx_word' id='word_1_82' title='bbox 483 2072 592 2153; x_wconf 89' lang='lat' dir='ltr'>partes</span> <span class='ocrx_word' id='word_1_83' title='bbox 616 2068 740 2133; x_wconf 88' lang='lat' dir='ltr'>accedit</span> <span class='ocrx_word' id='word_1_84' title='bbox 764 2068 910 2152; x_wconf 83' lang='lat' dir='ltr'>epilogus</span> <span class='ocrx_word' id='word_1_85' title='bbox 927 2067 991 2150; x_wconf 85' lang='lat' dir='ltr'>(vv.</span> <span class='ocrx_word' id='word_1_86' title='bbox 1006 2067 1183 2150; x_wconf 78' lang='lat'>150-54),</span> 
     </span>
     <span class='ocr_line' id='line_1_14' title="bbox 112 2193 1183 2279; baseline -0.002 -19"><span class='ocrx_word' id='word_1_87' title='bbox 112 2196 151 2260; x_wconf 92' lang='lat' dir='ltr'>in</span> <span class='ocrx_word' id='word_1_88' title='bbox 185 2217 248 2279; x_wconf 91' lang='lat' dir='ltr'>qno</span> <span class='ocrx_word' id='word_1_89' title='bbox 282 2198 379 2279; x_wconf 85' lang='lat' dir='ltr'>poeta</span> <span class='ocrx_word' id='word_1_90' title='bbox 414 2195 452 2258; x_wconf 94' lang='lat' dir='ltr'>de</span> <span class='ocrx_word' id='word_1_91' title='bbox 483 2194 656 2259; x_wconf 88' lang='lat' dir='ltr'>sceleribus</span> <span class='ocrx_word' id='word_1_92' title='bbox 685 2194 887 2277; x_wconf 85' lang='lat' dir='ltr'>imperatoris</span> <span class='ocrx_word' id='word_1_93' title='bbox 910 2193 1062 2258; x_wconf 87' lang='lat' dir='ltr'>nonnulla</span> <span class='ocrx_word' id='word_1_94' title='bbox 1084 2194 1183 2259; x_wconf 85' lang='lat' dir='ltr'>rerba</span> 
     </span>
     <span class='ocr_line' id='line_1_15' title="bbox 115 2321 217 2385; baseline 0 0"><span class='ocrx_word' id='word_1_95' title='bbox 115 2321 217 2385; x_wconf 85' lang='lat' dir='ltr'>addit.</span> 
     </span>
    </p>

    <p class='ocr_par' dir='ltr' id='par_1_6' title="bbox 112 2442 1242 3006">
     <span class='ocr_line' id='line_1_16' title="bbox 223 2442 1242 2528; baseline -0.002 -19"><span class='ocrx_word' id='word_1_96' title='bbox 223 2443 367 2528; x_wconf 87' lang='lat' dir='ltr'>Utraque</span> <span class='ocrx_word' id='word_1_97' title='bbox 402 2465 477 2528; x_wconf 90' lang='lat' dir='ltr'>pars</span> <span class='ocrx_word' id='word_1_98' title='bbox 511 2465 575 2507; x_wconf 89' lang='lat' dir='ltr'>non</span> <span class='ocrx_word' id='word_1_99' title='bbox 609 2443 713 2506; x_wconf 89' lang='lat' dir='ltr'>minus</span> <span class='ocrx_word' id='word_1_100' title='bbox 749 2463 821 2506; x_wconf 89' lang='lat' dir='ltr'>cum</span> <span class='ocrx_word' id='word_1_101' title='bbox 856 2442 957 2508; x_wconf 85' lang='lat' dir='ltr'>altera</span> <span class='ocrx_word' id='word_1_102' title='bbox 987 2465 1083 2526; x_wconf 86' lang='lat' dir='ltr'>quam</span> <span class='ocrx_word' id='word_1_103' title='bbox 1112 2464 1185 2507; x_wconf 91' lang='lat' dir='ltr'>cum</span> <span class='ocrx_word' id='word_1_104' title='bbox 1239 2445 1242 2456; x_wconf 81' lang='grc'>’</span> 
     </span>
     <span class='ocr_line' id='line_1_17' title="bbox 115 2563 1184 2654; baseline -0.005 -20"><span class='ocrx_word' id='word_1_105' title='bbox 115 2570 265 2634; x_wconf 84' lang='lat' dir='ltr'>universo</span> <span class='ocrx_word' id='word_1_106' title='bbox 289 2591 407 2654; x_wconf 86' lang='lat' dir='ltr'>genere</span> <span class='ocrx_word' id='word_1_107' title='bbox 431 2567 592 2631; x_wconf 88' lang='lat' dir='ltr'>scribendi</span> <span class='ocrx_word' id='word_1_108' title='bbox 615 2563 776 2631; x_wconf 83' lang='lat' dir='ltr'>luvenalis</span> <span class='ocrx_word' id='word_1_109' title='bbox 800 2566 861 2630; x_wconf 92' lang='lat' dir='ltr'>hoc</span> <span class='ocrx_word' id='word_1_110' title='bbox 886 2589 1051 2631; x_wconf 88' lang='lat' dir='ltr'>commune</span> <span class='ocrx_word' id='word_1_111' title='bbox 1075 2566 1184 2646; x_wconf 83' lang='lat' dir='ltr'>habet,</span> 
     </span>
     <span class='ocr_line' id='line_1_18' title="bbox 113 2668 1183 2778; baseline -0.004 -20"><span class='ocrx_word' id='word_1_112' title='bbox 113 2694 202 2778; x_wconf 92' lang='lat' dir='ltr'>quod</span> <span class='ocrx_word' id='word_1_113' title='bbox 237 2693 406 2771; x_wconf 90' lang='lat' dir='ltr'>enarrati0,</span> <span class='ocrx_word' id='word_1_114' title='bbox 432 2668 611 2775; x_wconf 69' lang='lat' dir='ltr'>¹postquam</span> <span class='ocrx_word' id='word_1_115' title='bbox 645 2691 879 2774; x_wconf 88' lang='lat' dir='ltr'>aliquantulum</span> <span class='ocrx_word' id='word_1_116' title='bbox 912 2713 1083 2776; x_wconf 85' lang='lat' dir='ltr'>progressa</span> <span class='ocrx_word' id='word_1_117' title='bbox 1126 2695 1183 2772; x_wconf 81' lang='lat' dir='ltr'>est,</span> 
     </span>
     <span class='ocr_line' id='line_1_19' title="bbox 115 2815 1184 2901; baseline -0.003 -19"><span class='ocrx_word' id='word_1_118' title='bbox 115 2817 328 2901; x_wconf 82' lang='lat' dir='ltr'>abrumpitur,</span> <span class='ocrx_word' id='word_1_119' title='bbox 365 2819 401 2880; x_wconf 93' lang='lat' dir='ltr'>ut</span> <span class='ocrx_word' id='word_1_120' title='bbox 436 2816 558 2900; x_wconf 85' lang='lat' dir='ltr'>aliquid</span> <span class='ocrx_word' id='word_1_121' title='bbox 591 2818 714 2900; x_wconf 86' lang='lat' dir='ltr'>quaerat</span> <span class='ocrx_word' id='word_1_122' title='bbox 746 2819 842 2899; x_wconf 89' lang='lat' dir='ltr'>poeta</span> <span class='ocrx_word' id='word_1_123' title='bbox 865 2815 917 2879; x_wconf 87' lang='lat' dir='ltr'>vel</span> <span class='ocrx_word' id='word_1_124' title='bbox 940 2837 1013 2879; x_wconf 89' lang='lat' dir='ltr'>cum</span> <span class='ocrx_word' id='word_1_125' title='bbox 1035 2815 1184 2900; x_wconf 85' lang='lat' dir='ltr'>indigna·</span> 
     </span>
     <span class='ocr_line' id='line_1_20' title="bbox 112 2903 1167 3006; baseline -0.005 0"><span class='ocrx_word' id='word_1_126' title='bbox 112 2943 204 3006; x_wconf 91' lang='lat' dir='ltr'>tione</span> <span class='ocrx_word' id='word_1_127' title='bbox 228 2941 395 3006; x_wconf 80' lang='lat' dir='ltr'>exclamet.</span> <span class='ocrx_word' id='word_1_128' title='bbox 760 2913 763 2918; x_wconf 20' lang='grc' dir='ltr'>Ι</span> <span class='ocrx_word' id='word_1_129' title='bbox 1163 2903 1167 2916; x_wconf 93' lang='lat'>.</span> 
     </span>
    </p>
   </div>
   <div class='ocr_carea' id='block_1_5' title="bbox 224 3024 1231 3158">
    <p class='ocr_par' dir='ltr' id='par_1_7' title="bbox 224 3024 1231 3158">
     <span class='ocr_line' id='line_1_21' title="bbox 224 3024 1231 3158; baseline -0.002 -29"><span class='ocrx_word' id='word_1_130' title='bbox 224 3063 259 3130; x_wconf 83' lang='lat' dir='ltr'>Si</span> <span class='ocrx_word' id='word_1_131' title='bbox 293 3065 394 3150; x_wconf 82' lang='lat' dir='ltr'>igitur</span> <span class='ocrx_word' id='word_1_132' title='bbox 424 3064 627 3158; x_wconf 17' lang='lat' dir='ltr'><strong>vv.317-71</strong></span> <span class='ocrx_word' id='word_1_133' title='bbox 654 3063 946 3142; x_wconf 82' lang='lat' dir='ltr'>animadvertimus,</span> <span class='ocrx_word' id='word_1_134' title='bbox 970 3024 1110 3147; x_wconf 83' lang='lat' dir='ltr'>primum</span> <span class='ocrx_word' id='word_1_135' title='bbox 1133 3087 1183 3128; x_wconf 84' lang='lat' dir='ltr'>vv.</span> <span class='ocrx_word' id='word_1_136' title='bbox 1230 3098 1231 3102; x_wconf 60' lang='lat'><em>=</em></span> 
     </span>
    </p>
   </div>
   <div class='ocr_carea' id='block_1_6' title="bbox 113 3188 1185 3877">
    <p class='ocr_par' dir='ltr' id='par_1_8' title="bbox 113 3188 1185 3877">
     <span class='ocr_line' id='line_1_22' title="bbox 113 3188 1184 3273; baseline -0.003 -18"><span class='ocrx_word' id='word_1_137' title='bbox 113 3190 250 3255; x_wconf 82' lang='lat'>46-56</span> <span class='ocrx_word' id='word_1_138' title='bbox 275 3211 293 3253; x_wconf 88' lang='lat' dir='ltr'>a</span> <span class='ocrx_word' id='word_1_139' title='bbox 315 3192 412 3273; x_wconf 91' lang='lat' dir='ltr'>poeta</span> <span class='ocrx_word' id='word_1_140' title='bbox 434 3189 569 3264; x_wconf 83' lang='lat' dir='ltr'>insertos</span> <span class='ocrx_word' id='word_1_141' title='bbox 592 3189 737 3254; x_wconf 87' lang='lat' dir='ltr'>videmus</span> <span class='ocrx_word' id='word_1_142' title='bbox 754 3189 794 3252; x_wconf 85' lang='lat' dir='ltr'>ad</span> <span class='ocrx_word' id='word_1_143' title='bbox 810 3188 1012 3272; x_wconf 90' lang='lat' dir='ltr'>inquisitores</span> <span class='ocrx_word' id='word_1_144' title='bbox 1026 3190 1184 3272; x_wconf 89' lang='lat' dir='ltr'>dispersos</span> 
     </span>
     <span class='ocr_line' id='line_1_23' title="bbox 114 3312 1181 3398; baseline -0.004 -18"><span class='ocrx_word' id='word_1_145' title='bbox 114 3315 252 3380; x_wconf 70' lang='lat' dir='ltr'>Caesaris</span> <span class='ocrx_word' id='word_1_146' title='bbox 276 3317 372 3398; x_wconf 88' lang='lat' dir='ltr'>atque</span> <span class='ocrx_word' id='word_1_147' title='bbox 395 3313 507 3378; x_wconf 89' lang='lat' dir='ltr'>fiscum</span> <span class='ocrx_word' id='word_1_148' title='bbox 531 3314 598 3378; x_wconf 91' lang='lat' dir='ltr'>eius</span> <span class='ocrx_word' id='word_1_149' title='bbox 622 3313 826 3391; x_wconf 79' lang='lat' dir='ltr'>cavillandos,</span> <span class='ocrx_word' id='word_1_150' title='bbox 851 3312 965 3377; x_wconf 90' lang='lat' dir='ltr'>deinde</span> <span class='ocrx_word' id='word_1_151' title='bbox 981 3336 1032 3378; x_wconf 81' lang='lat' dir='ltr'>vv.</span> <span class='ocrx_word' id='word_1_152' title='bbox 1053 3314 1181 3377; x_wconf 86' lang='lat'>70-71</span> 
     </span>
     <span class='ocr_line' id='line_1_24' title="bbox 115 3435 1184 3522; baseline -0.004 -18"><span class='ocrx_word' id='word_1_153' title='bbox 115 3439 242 3504; x_wconf 83' lang='lat' dir='ltr'>additos</span> <span class='ocrx_word' id='word_1_154' title='bbox 273 3439 312 3502; x_wconf 88' lang='lat' dir='ltr'>ad</span> <span class='ocrx_word' id='word_1_155' title='bbox 336 3438 419 3503; x_wconf 89' lang='lat' dir='ltr'>hanc</span> <span class='ocrx_word' id='word_1_156' title='bbox 442 3439 581 3522; x_wconf 91' lang='lat' dir='ltr'>priorem</span> <span class='ocrx_word' id='word_1_157' title='bbox 603 3442 729 3522; x_wconf 88' lang='lat' dir='ltr'>partem</span> <span class='ocrx_word' id='word_1_158' title='bbox 753 3437 858 3522; x_wconf 87' lang='lat' dir='ltr'>aptius</span> <span class='ocrx_word' id='word_1_159' title='bbox 882 3437 1064 3500; x_wconf 86' lang='lat' dir='ltr'>finiendam.</span> <span class='ocrx_word' id='word_1_160' title='bbox 1111 3435 1184 3501; x_wconf 80' lang='lat' dir='ltr'>Sive</span> 
     </span>
     <span class='ocr_line' id='line_1_25' title="bbox 113 3562 1184 3647; baseline -0.005 -18"><span class='ocrx_word' id='word_1_161' title='bbox 113 3587 226 3630; x_wconf 83' lang='lat' dir='ltr'>versus</span> <span class='ocrx_word' id='word_1_162' title='bbox 260 3564 346 3647; x_wconf 89' lang='lat' dir='ltr'>ipsos</span> <span class='ocrx_word' id='word_1_163' title='bbox 382 3563 652 3628; x_wconf 85' lang='lat' dir='ltr'>considerabimus</span> <span class='ocrx_word' id='word_1_164' title='bbox 687 3564 753 3628; x_wconf 84' lang='lat' dir='ltr'>sire</span> <span class='ocrx_word' id='word_1_165' title='bbox 789 3562 943 3646; x_wconf 91' lang='lat' dir='ltr'>quomodo</span> <span class='ocrx_word' id='word_1_166' title='bbox 974 3583 1046 3625; x_wconf 91' lang='lat' dir='ltr'>cum</span> <span class='ocrx_word' id='word_1_167' title='bbox 1070 3563 1184 3630; x_wconf 89' lang='lat' dir='ltr'>ceteris</span> 
     </span>
     <span class='ocr_line' id='line_1_26' title="bbox 113 3686 1184 3774; baseline -0.004 -21"><span class='ocrx_word' id='word_1_168' title='bbox 113 3689 351 3774; x_wconf 82' lang='lat' dir='ltr'>coniungantur</span> <span class='ocrx_word' id='word_1_169' title='bbox 374 3687 672 3766; x_wconf 79' lang='lat' dir='ltr'>animadvertemus,</span> <span class='ocrx_word' id='word_1_170' title='bbox 696 3687 778 3750; x_wconf 91' lang='lat' dir='ltr'>nihil</span> <span class='ocrx_word' id='word_1_171' title='bbox 800 3686 1000 3764; x_wconf 86' lang='lat' dir='ltr'>habebimus,</span> <span class='ocrx_word' id='word_1_172' title='bbox 1024 3686 1108 3769; x_wconf 91' lang='lat' dir='ltr'>quod</span> <span class='ocrx_word' id='word_1_173' title='bbox 1123 3686 1184 3750; x_wconf 92' lang='lat' dir='ltr'>mi·</span> 
     </span>
     <span class='ocr_line' id='line_1_27' title="bbox 114 3807 1185 3877; baseline -0.004 0"><span class='ocrx_word' id='word_1_174' title='bbox 114 3835 188 3877; x_wconf 88' lang='lat' dir='ltr'>rum</span> <span class='ocrx_word' id='word_1_175' title='bbox 216 3813 365 3877; x_wconf 83' lang='lat' dir='ltr'>rideatur</span> <span class='ocrx_word' id='word_1_176' title='bbox 388 3814 443 3875; x_wconf 89' lang='lat' dir='ltr'>aut</span> <span class='ocrx_word' id='word_1_177' title='bbox 466 3835 485 3876; x_wconf 91' lang='lat' dir='ltr'>a</span> <span class='ocrx_word' id='word_1_178' title='bbox 508 3811 736 3876; x_wconf 89' lang='lat' dir='ltr'>consuetudine</span> <span class='ocrx_word' id='word_1_179' title='bbox 760 3807 918 3876; x_wconf 84' lang='lat' dir='ltr'>luvenalis</span> <span class='ocrx_word' id='word_1_180' title='bbox 942 3810 1092 3876; x_wconf 88' lang='lat' dir='ltr'>alienum.</span> <span class='ocrx_word' id='word_1_181' title='bbox 1139 3808 1185 3873; x_wconf 87' lang='lat' dir='ltr'>At</span> 
     </span>
    </p>
   </div>
   <div class='ocr_carea' id='block_1_7' title="bbox 113 4021 1185 4179">
    <p class='ocr_par' dir='ltr' id='par_1_9' title="bbox 113 4021 1185 4179">
     <span class='ocr_line' id='line_1_28' title="bbox 227 4021 1185 4093; baseline -0.001 -16"><span class='ocrx_word' id='word_1_182' title='bbox 227 4022 247 4077; x_wconf 68' lang='lat' dir='ltr'>&#39;t</span> <span class='ocrx_word' id='word_1_183' title='bbox 266 4023 333 4078; x_wconf 72' lang='lat' dir='ltr'>llius</span> <span class='ocrx_word' id='word_1_184' title='bbox 361 4023 470 4093; x_wconf 88' lang='lat' dir='ltr'>generis</span> <span class='ocrx_word' id='word_1_185' title='bbox 497 4022 651 4078; x_wconf 84' lang='lat' dir='ltr'>sententias</span> <span class='ocrx_word' id='word_1_186' title='bbox 675 4022 733 4078; x_wconf 90' lang='lat' dir='ltr'>iam</span> <span class='ocrx_word' id='word_1_187' title='bbox 752 4041 835 4092; x_wconf 87' lang='lat' dir='ltr'>supra</span> <span class='ocrx_word' id='word_1_188' title='bbox 853 4023 1009 4088; x_wconf 87' lang='lat' dir='ltr'>attulimus,</span> <span class='ocrx_word' id='word_1_189' title='bbox 1029 4041 1052 4078; x_wconf 92' lang='lat' dir='ltr'>e.</span> <span class='ocrx_word' id='word_1_190' title='bbox 1075 4039 1116 4092; x_wconf 80' lang='lat' dir='ltr'>gr.</span> <span class='ocrx_word' id='word_1_191' title='bbox 1135 4021 1185 4076; x_wconf 87' lang='lat' dir='ltr'>III.</span> 
     </span>
     <span class='ocr_line' id='line_1_29' title="bbox 113 4113 519 4179; baseline -0.01 -9"><span class='ocrx_word' id='word_1_192' title='bbox 113 4114 230 4179; x_wconf 80' lang='lat'>54-57,</span> <span class='ocrx_word' id='word_1_193' title='bbox 253 4114 310 4179; x_wconf 83' lang='lat'>125,</span> <span class='ocrx_word' id='word_1_194' title='bbox 331 4113 463 4178; x_wconf 78' lang='lat' dir='ltr'>cao-31,</span> <span class='ocrx_word' id='word_1_195' title='bbox 482 4113 519 4166; x_wconf 88' lang='lat' dir='ltr'>al.</span> 
     </span>
    </p>
   </div>
   <div class='ocr_carea' id='block_1_8' title="bbox 0 0 1462 4834">
    <p class='ocr_par' dir='ltr' id='par_1_10' title="bbox 0 0 1462 4834">
     <span class='ocr_line' id='line_1_30' title="bbox 0 0 1462 4834; baseline 0 0"><span class='ocrx_word' id='word_1_196' title='bbox 0 0 1462 4834; x_wconf 95' lang='lat' dir='ltr'> </span> 
     </span>
    </p>
   </div>
  </div>
 </body>
</html>
