2916 4834
685 395 877 472 226-

362 572 423 639 Vv.
460 575 500 638 12
536 596 605 657 sqq.
640 595 731 637 curas
766 574 882 640 multas
906 575 1079 639 editoribus
1102 576 1316 658 praebuerunt.

254 696 323 762 Alii
350 699 493 763 ordinem
515 699 674 762 invertere
696 699 830 778 malunt,
867 700 922 762 alii
944 699 1092 763 lacunam
1115 699 1315 779 constituere,

253 827 423 908 utrumque
448 845 720 908 supervacaneum
742 825 878 888 videtur.
918 823 1063 889 Primum
1085 825 1215 908 quidem
1237 825 1316 888 mihi

253 948 377 1033 legenti
417 948 474 1013 hos
509 971 628 1030 versus,
671 954 842 1033 antequam
876 950 1130 1014 emendationem
1168 949 1317 1032 Rupertii

253 1074 482 1158 cognovissem,
517 1095 644 1139 versum
674 1076 715 1138 12
738 1074 785 1138 ita
807 1078 930 1138 mutare
953 1075 1084 1158 placuit,
1109 1078 1144 1138 ut
1166 1075 1238 1139 hinc
1260 1098 1317 1159 pro

252 1197 303 1264 110
325 1198 497 1284 legeretur,
532 1200 614 1282 quod
645 1200 742 1262 etiam
771 1222 854 1264 nunc
877 1201 987 1282 probo
1035 1198 1114 1264 Cum
1136 1200 1197 1264 hoc
1220 1201 1317 1264 verbo

253 1322 354 1407 igitur
389 1323 610 1415 coniungimus
644 1324 722 1387 illud
758 1325 978 1399 111111ηά1111,
1014 1326 1098 1408 quod
1134 1329 1181 1388 est
1208 1348 1238 1389 v.
1263 1325 1315 1388 17.

149 1477 152 1486 ¹
252 1443 292 1510 In
319 1438 365 1511 'iis
399 1449 553 1526 versibus,
589 1449 644 1531 qui
678 1448 762 1512 inter
793 1450 834 1512 12
858 1452 891 1513 et
916 1450 954 1513 17
979 1450 1141 1534 leguntur,
1165 1471 1203 1514 ea
1226 1450 1316 1534 regio

253 1571 453 1652 describitur,
489 1594 560 1656 quae
596 1575 644 1636 est
677 1573 762 1636 inter
794 1577 921 1656 portam
956 1573 1116 1657 Capenam
1146 1577 1178 1638 11
1199 1573 1318 1640 vallem

252 1695 393 1782 Egeriae.
439 1694 478 1760 In
510 1695 577 1760 hac'
600 1697 742 1782 regione,
766 1698 821 1761 ubi
842 1698 933 1762 lucus
958 1701 990 1762 et
1012 1698 1083 1763 fons
1107 1701 1139 1762 et
1162 1698 1318 1781 templum

252 1819 464 1886 Camenarum
498 1821 637 1902 fuerunt,
671 1826 766 1906 poeta
800 1823 869 1887 iure
893 1846 934 1886 an
956 1845 1126 1906 perperam
1149 1824 1315 1902 incertum,

252 1946 411 2029 colloquia
443 1945 558 2012 Numae
593 1969 665 2012 cum
699 1948 819 2033 Egeria
853 1948 928 2012 olim
962 1947 1074 2012 habita
1108 1970 1175 2013 esse
1210 1948 1315 2034 fingit.

250 2069 293 2134 V.
318 2072 359 2135 13
383 2071 484 2156 igitur
506 2073 625 2155 pendet
648 2095 667 2136 a
692 2074 732 2136 12
756 2073 949 2156 minimeque
973 2073 1114 2137 omnium
1130 2072 1316 2156 scrupulum

250 2196 343 2260 nobis
376 2197 494 2261 inicere
517 2200 623 2280 potest
645 2200 826 2280 temporum
848 2199 983 2262 mutatio
1001 2161 1244 2278 ⁸(constituebat,
1267 2199 1316 2262 lo-

251 2321 377 2406 cantur)
401 2343 473 2386 cum
497 2326 528 2386 et
550 2343 608 2406 per
631 2344 664 2387 se
688 2324 867 2388 necessaria
890 2323 932 2386 sit
948 2327 980 2387 11
994 2323 1138 2406 pluribus
1156 2323 1313 2406 exemplis

252 2445 441 2510 defendatur
457 2446 492 2529 ¹).
538 2447 581 2511 Et
603 2447 746 2531 profecto
775 2448 879 2513 locum
901 2448 993 2512 illum
1015 2445 1130 2513 ludaeis
1154 2450 1313 2532 repletum

250 2569 286 2634 in
314 2570 385 2636 luco
415 2571 625 2637 Camenarum
655 2573 788 2636 strictim
823 2573 982 2657 attingere
1006 2573 1110 2656 aptius
1135 2577 1183 2638 est
1205 2595 1311 2658 quam,

248 2699 368 2778 puncto
389 2700 462 2779 post
485 2697 628 2780 supellex
651 2697 746 2777 facto,
770 2699 961 2762 sententiam
983 2699 1169 2782 primariam
1192 2700 1309 2764 consti-

249 2822 351 2896 tuere.
397 2821 488 2886 Adeo
524 2823 609 2887 enim
642 2821 1313 2904 111111111011111110111111111101

250 2967 329 3029 opus
353 2951 437 3010 esset
460 2970 530 3012 eam
553 2949 728 3032 separatim
742 2947 923 3032 perhibere,
941 2951 974 3012 at
990 2951 1100 3013 contra
1115 2953 1221 3031 poet'a,
1239 2950 1313 3012 dum

250 3070 292 3134 ad
327 3093 364 3135 ea
396 3071 536 3152 festinat,
561 3094 631 3156 quae
655 3077 841 3138 narraturus
863 3076 922 3152 est,
946 3073 1060 3137 iisdem
1083 3069 1198 3137 Iudaeis
1222 3073 1311 3157 quasi

248 3196 437 3279 praeteriens
471 3219 603 3282 gravem
637 3197 736 3262 ictum
768 3197 910 3262 incutere
944 3200 1060 3280 potest.
1107 3195 1178 3262 Hoc
1212 3198 1313 3283 igitur

249 3377 280 3429 et
300 3391 362 3428 cum
381 3391 414 3428 11
433 3373 574 3430 sententia
593 3373 717 3443 generali
738 3371 830 3443 (pauci
850 3373 991 3428 dinoscere
1009 3373 1144 3442 possunt),
1164 3391 1225 3442 quse
1244 3391 1312 3444 pree-

250 3461 333 3528 cedit,
362 3466 391 3518 11
415 3481 477 3517 cum
495 3463 539 3527 iis,
558 3479 620 3531 quse
638 3467 703 3534 post
721 3465 860 3532 leguntur,
881 3463 1025 3532 aptissime
1043 3463 1103 3517 haec
1121 3465 1207 3519 verba
1226 3464 1312 3518 cohae-

248 3555 320 3606 rent.
357 3553 389 3606 In
408 3553 461 3606 hac
479 3552 568 3622 igitur
586 3553 672 3607 satira
692 3553 725 3606 X.
745 3553 917 3608 declamator
935 3552 992 3616 ille,
1013 3570 1094 3622 quern
1114 3556 1158 3608 tot
1176 3557 1205 3608 et
1223 3554 1312 3608 tantis

249 3641 412 3696 criminibus
430 3641 600 3696 Ribbeckius
619 3642 720 3707 obruit,
740 3641 894 3712 sapientius
913 3641 973 3711 egit
990 3659 1075 3710 quam
1087 3642 1206 3712 scriptor
1218 3642 1311 3697 satira

248 3730 349 3786 tertia.
386 3731 440 3786 Sed
465 3731 526 3785 haec
553 3731 700 3786 attulimus
727 3748 783 3786 non
810 3734 842 3786 ut
870 3748 916 3786 eos
943 3749 1045 3790 versus,
1066 3731 1100 3786 de
1119 3731 1219 3800 quibus
1238 3749 1311 3786 nunc

249 3819 337 3875 locuti
350 3839 451 3884 sumus,
465 3821 545 3890 quasi
558 3820 665 3890 spurios
675 3838 692 3874 a
703 3823 834 3875 contextu
847 3837 1062 3890 segregaremus,
1077 3821 1124 3875 sed
1138 3838 1199 3875 cum
1213 3821 1311 3876 ceteris

249 3909 403 3965 editoribus
422 3928 468 3965 eos
487 3909 599 3966 silentio
617 3910 759 3981 praeterire
779 3911 824 3966 vel
842 3911 960 3981 probare
978 3927 1013 3965 ne
1031 3910 1195 3966 videremur.

359 3997 379 4068 ¹)
399 3999 459 4065 Qua
487 3999 520 4056 de
547 4017 576 4055 re
603 4017 629 4054 v.
658 4000 731 4069 quod
751 4000 860 4070 copiose
878 3999 1035 4070 disputavit
1053 4002 1177 4054 Kioerius
1196 3999 1226 4067 (l.
1245 3999 1264 4054 1.
1282 4020 1310 4070 p.

249 4087 392 4157 201-09).
