2916 4834
737 413 945 504 -rs-x
1046 439 1048 447 κ

267 613 274 621 ·
400 588 437 655 In
462 614 499 656 ea
522 597 614 675 parte
638 591 755 669 satirae,
780 613 843 675 qua
866 594 962 675 poeta
986 591 1146 655 eunuchos
1164 595 1196 655 et
1211 595 1359 656 cantores

291 718 491 802 perstringit,
526 717 608 781 nihil
632 718 759 781 difficile
784 717 932 782 occurrit.
978 715 1040 780 Ad
1054 740 1105 781 vv.
1129 718 1286 782 393-95
1311 717 1359 781 afr

275 827 336 906 ‘n
362 843 548 907 rae—132.
1119 809 1123 814 ¹

398 967 519 1052 Magna
553 970 602 1050 est
637 967 788 1032 dissensio
821 967 906 1031 inter
940 967 1025 1031 viros
1057 969 1175 1046 doctos,
1200 969 1359 1052 quomodo

293 1091 447 1175 explicari
472 1093 608 1156 debeant
631 1115 681 1157 vv.
706 1093 870 1156 444-47.
916 1090 986 1156 Alii
1008 1092 1152 1182 ordinem
1173 1093 1360 1172 immutant,

293 1216 349 1280 0111
384 1217 591 1303 argumentis,
627 1217 682 1281 alii
717 1217 853 1301 deniqne
878 1217 986 1302 gladio
1009 1217 1094 1281 huno
1117 1218 1221 1282 locum
1247 1239 1360 1282 sanare

292 1342 431 1405 student.
489 1339 653 1406 Sententia
682 1342 762 1406 mihi
784 1341 854 1406 haeo
878 1364 946 1405 esse
970 1343 1107 1407 videtur.
1131 1341 1267 1426 Sapiens
1291 1367 1361 1407 mu·

293 1466 354 1530 lier
377 1467 472 1530 finem
502 1467 638 1550 imponit
661 1466 695 1548 (i.
719 1489 746 1530 e.
770 1466 941 1550 temperat)
967 1467 1065 1531 etiam
1086 1467 1229 1532 honestis
1254 1469 1361 1533 rebus,

208 1563 210 1571 Ι
293 1591 364 1655 Hoc
387 1592 488 1677 igitur
512 1613 549 1656 00
572 1592 678 1655 faeere
695 1592 799 1672 debet,
818 1614 889 1675 quae
906 1592 1031 1656 erudita
1047 1596 1105 1671 est,
1118 1615 1192 1655 nam
1204 1593 1360 1675 pudorem

294 1737 386 1780 sexus
409 1716 574 1781 muliebris
599 1717 695 1796 exuit,
721 1717 747 1784 si
771 1718 866 1780 rairais
889 1717 982 1781 docta
998 1716 1099 1781 videri
1116 1717 1233 1800 cupiat.
1275 1717 1361 1782 Onn-

294 1841 468 1904 eedendum
492 1845 549 1920 est,
573 1863 665 1904 usum
681 1817 853 1925 'particulae
878 1841 1036 1906 namhoc
1059 1842 1130 1906 1000
1153 1841 1286 1925 paulum
1311 1843 1361 1905 in·

294 1967 421 2031 solitum
455 1988 533 2030 esse.
580 1965 719 2030 Kiaerius
751 1965 785 2048 (1.
810 1967 831 2030 l.
855 1988 887 2049 p.
913 1965 990 2047 157)
1015 1967 1101 2031 aliud
1123 1971 1232 2031 tamen
1257 1968 1364 2032 adfert

294 2059 476 2174 exemnlum
499 2112 516 2154 e
540 2094 598 2155 sat.
622 2089 662 2155 X.
687 2090 730 2172 (v.
755 2089 832 2172 204)
857 2093 1028 2174 sumptum.
1065 2090 1144 2156 Cum
1167 2089 1360 2157 Heinriohio

294 2215 341 2279 ita
363 2237 473 2280 uersus
496 2218 715 2298 transponere,
740 2219 776 2278 ut
799 2215 951 2278 445—47
976 2218 1048 2298 post
1064 2216 1128 2280 456
1144 2216 1286 2296 veniant,
1307 2218 1364 2280 de-

294 2340 359 2404 leto
380 2363 410 2404 v.
436 2341 510 2419 444,
534 2340 646 2404 inutile
672 2344 728 2404 est.
775 2340 863 2404 Finis
886 2362 915 2404 v.
941 2341 1005 2404 456

509 2525 707 2583 soloeeismum
729 2525 818 2582 110004
840 2525 942 2583 fecisse
965 2524 1074 2582 marito

296 2713 421 2777 nullum
445 2714 605 2777 desiderat
628 2713 909 2802 complementum

403 2837 513 2902 Cultus
537 2842 727 2922 ornatusque
751 2838 921 2903 mulierum
944 2838 1017 2902 inde
1040 2861 1061 2901 a
1083 2861 1113 2902 v.
1136 2839 1199 2902 457
1216 2843 1366 2921 pertrac-

295 2967 413 3027 tantur.
460 2960 540 3027 Tres
561 2983 671 3027 versus
694 2962 874 3045 (461-63)
891 2985 909 3026 a
925 2962 1104 3028 Ribbeokio
1120 2965 1191 3046 post
1207 2963 1365 3028 464-66
1433 2959 1434 2986 ’

295 3093 467 3171 ponuntur.
514 3087 583 3164 Qua
606 3089 644 3152 de
669 3092 785 3152 causa?
823 3086 870 3152 Ut
892 3109 955 3152 uno
978 3091 1087 3152 tenore
1111 3087 1135 3150 ii
1158 3109 1267 3151 versus
1284 3110 1363 3152 eon-

296 3215 471 3294 tinuentur‚
502 3214 557 3298 qui
586 3217 660 3277 sunt
682 3215 721 3277 de
746 3212 1005 3295 cataplasmatis?
1050 3210 1126 3276 Non
1148 3212 1367 3276 necessarium

297 3343 355 3418 est,
379 3359 451 3402 oum
474 3361 524 3403 vv.
549 3339 702 3402 464-66
726 3359 783 3421 pro
799 3337 1025 3400 interclusione
1042 3337 1106 3399 sint
1121 3335 1271 3401 habendi.
1307 3335 1364 3399 An

296 3463 372 3546 quia
393 3463 593 3542 vocabulum,
617 3463 700 3546 quod
725 3432 772 3526 est
795 3462 918 3525 interea
941 3459 984 3542 (v.
1009 3459 1087 3542 461)
1103 3483 1166 3525 non
1182 3460 1280 3524 habet
1296 3482 1362 3543 quo

297 3587 475 3651 referatur?
522 3587 577 3652 cfr
610 3584 668 3651 VI.
701 3588 775 3666 508,
809 3584 851 3651 11.
878 3587 952 3651 137.
998 3585 1050 3650 An
1075 3586 1149 3669 quia
1172 3585 1364 3683 vocabulum

297 3711 422 3775 tandem
451 3711 494 3794 (v.
524 3712 604 3794 467)
628 3711 730 3775 solum
754 3715 785 3776 et
808 3715 990 3794 separatum
1013 3710 1160 3774 videtur?
1207 3708 1287 3774 Haee
1311 3731 1364 3772 res

297 3840 347 3901 est
369 3836 449 3900 leuis
472 3837 636 3901 momenti.

405 3959 561 4035 Quoniam
584 3982 688 4025 sermo
711 3961 823 4025 incidit
845 3961 880 4024 in
902 3931 1051 4024 drnatum
1073 3957 1253 4035 mulierum,
1267 3959 1364 4040 poeta

297 4087 415 4152 transit
438 4087 478 4150 ad
502 4087 733 4170 exponendum,
756 4085 834 4169 quid
857 4084 921 4149 11100
944 4088 1011 4148 4040
1028 4084 1153 4170 agitent
1169 4083 1221 4147 die
1237 4082 1280 4164 (v.
1297 4081 1363 4144 474
