2916 4834
581 447 790 532 2-5-

183 667 259 709 nam
292 645 335 708 sit
367 645 457 725 illud,
492 647 575 730 quod
609 646 643 709 in
672 646 784 730 primis
813 650 1017 730 proponatur.
1063 643 1133 711 Hoc
1163 645 1247 711 enim

185 770 346 854 explicare
369 770 438 835 vult
460 776 565 854 poeta,
590 793 646 836 cur
661 771 877 856 indignatione
895 773 1007 835 ductus
1023 771 1065 835 sit
1080 773 1121 835 ad
1132 769 1246 834 satiras
1309 775 1311 782 ’

185 897 428 980 componendas.
474 895 552 962 Inde
588 899 708 962 crebrae
742 897 806 960 illae
835 897 1112 982 interrogationes
1142 897 1191 960 ira
1215 900 1247 960 et

184 1021 405 1106 indignatione
433 1022 547 1105 plenae,
578 1023 651 1086 inde
675 1023 763 1086 varia
785 1021 842 1085 illa
864 1021 1015 1086 vitiorum
1039 1021 1246 1102 enumeratio,

184 1146 268 1210 inter
292 1169 362 1230 quae
383 1147 579 1211 mentiouem
594 1146 744 1230 sportulae
760 1151 827 1210 tam
842 1147 1003 1232 insignem
1017 1146 1121 1211 locum
1136 1149 1246 1210 tenere

183 1270 331 1335 vidimus.
943 1258 946 1262 ’
1044 1360 1046 1374 1

291 1392 330 1458 In
362 1396 520 1479 principio
550 1397 655 1460 satirae
684 1402 779 1478 poeta
803 1396 841 1460 de
865 1418 921 1460 suo
945 1396 1106 1461 scribendi
1128 1418 1246 1482 genere

184 1519 324 1603 loquitur
354 1523 448 1604 atque
478 1543 511 1584 se
534 1521 647 1585 iisdem
670 1521 784 1603 quibus
808 1521 968 1585 Lucilium
991 1521 1063 1584 telis
1085 1526 1247 1606 pugnatu-

184 1666 256 1708 rum
285 1667 354 1708 esse
384 1645 535 1710 minatur.
580 1644 716 1709 Adhuc
740 1645 905 1710 consilium
929 1645 1026 1708 etiam
1048 1646 1082 1708 in
1105 1649 1247 1710 extrema

184 1771 276 1854 parte
301 1770 408 1834 satirae
425 1771 603 1835 revertitur.
642 1769 757 1834 Totum
772 1769 861 1849 illud,
878 1771 962 1853 quod
977 1770 1147 1834 intercedit
1162 1771 1248 1835 inter

184 1893 268 1960 hano
297 1894 436 1978 primam
465 1897 497 1958 et
520 1899 694 1958 extremam
716 1897 852 1977 partem,
878 1895 985 1958 datum
1010 1898 1058 1959 est
1081 1896 1121 1959 ad
1145 1895 1250 1960 consi*

183 2019 264 2083 lium
285 2021 388 2102 poetae
411 2020 617 2103 probandum.
664 2017 716 2083 Sic
731 2019 912 2083 universam
927 2019 1021 2084 huius
1038 2020 1145 2084 satirae
1163 2041 1248 2084 oeco-

145 2233 148 2240 .
184 2144 336 2222 nomiam,
360 2146 397 2207 ut
420 2144 519 2222 aiunt,
544 2144 778 2208 adumbramus.
818 2219 824 2235 .
875 2166 883 2170 ·

290 2265 376 2331 Nam
399 2268 482 2351 quod
506 2268 550 2332 ait
573 2267 774 2332 Hermannus
793 2267 827 2351 ¹),
863 2269 984 2332 dnobus
1014 2271 1147 2332 mantne
1169 2289 1245 2332 can-

187 2393 232 2456 ais
266 2413 297 2456 se
330 2393 493 2474 defendere
518 2399 652 2476 poetam,
672 2395 813 2476 prienam
835 2395 911 2478 qnia
933 2396 968 2456 in
991 2399 1079 2457 tanta
1101 2395 1250 2456 citior-nna

185 2519 346 2580 atrocitate
367 2517 542 2602 indignatio
565 2538 645 2601 repre
668 2498 873 2601 eontinentur,
898 2518 1007 2581 deinde
1030 2519 1105 2603 qnia
1122 2519 1247 2581 nnltnrn

185 2641 340 2705 scribendi
365 2662 463 2726 genna
492 2663 575 2705 nnnc
598 2643 781 2725 ampliorem
803 2645 968 2706 materiata
991 2645 1137 2725 inveniat,
1161 2643 1248 2707 haud

184 2767 251 2830 scio
275 2789 316 2830 an
339 2789 378 2830 ex
401 2789 465 2830 una
488 2767 566 2829 duas
590 2788 701 2831 causas
718 2768 927 2831 constituerit.
968 2765 1050 2842 Quid
1067 2767 1152 2830 enim
1164 2767 1248 2831 inter

185 2893 309 2956 tantam
340 2891 430 2954 illam
458 2891 609 2955 vitiorum
640 2892 839 2956 atrocitatem
863 2895 895 2955 et
919 2892 1058 2974 amplam
1081 2892 1249 2955 materiam

186 3039 220 3080 re
243 3038 318 3080 vera
341 3016 492 3080 interest?
527 3015 589 3080 Sed
611 3016 681 3080 haec
703 3017 826 3081 leviora
841 3019 928 3095 sunt3
946 3018 1010 3082 iam
1024 3017 1058 3080 in
1074 3017 1142 3100 ipso
1156 3017 1248 3082 initio

186 3141 291 3205 satirae
315 3141 503 3221 invenimur,
528 3141 615 3225 quod
635 3163 697 3205 non
719 3141 787 3204 sine
812 3163 907 3205 causa
930 3142 1091 3207 miremur.

293 3265 442 3350 Quisquis
467 3266 552 3330 enim
575 3267 694 3349 primos
718 3266 937 3350 duodeviginti
951 3288 1061 3330 versus
1074 3267 1250 3352 perlegerit

186 3413 249 3456 non
272 3391 358 3455 aliud
381 3392 503 3476 fingere
526 3392 656 3474 poterit,
680 3414 777 3475 quam
800 3393 835 3454 ut
857 3394 952 3474 poeta
967 3391 1001 3455 in
1017 3392 1130 3455 ceteris
1146 3393 1247 3457 versi-

185 3517 246 3580 bus
268 3537 345 3580 vcra
368 3515 466 3580 faciat
489 3537 536 3594 ea,
561 3538 631 3599 quae
655 3516 690 3578 in
712 3515 762 3579 his
785 3515 896 3599 primis
919 3516 1058 3580 minatus
1082 3515 1132 3613 sit.
1180 3515 1248 3580 Ex-

187 3645 367 3724 spectamus
402 3643 447 3719 ut,
483 3643 601 3724 quanto
636 3641 756 3705 maiore
791 3641 1010 3726 indignatione
1045 3641 1248 3706 recitationes

186 3765 336 3830 molestas
370 3769 537 3859 poetarum
571 3765 822 3848 reprehenderit,
854 3769 944 3830 tanto
974 3766 1114 3830 severius
1139 3788 1192 3829 eas
1215 3766 1249 3830 in

298 3979 317 4049 ¹)
336 3981 357 4034 Ι.
385 3978 525 4034 Iuvenalis
553 3978 611 4034 Sat.
637 3978 656 4031 l.
678 3979 704 4033 V
722 3996 756 4034 ex
774 3996 883 4048 recogn.
905 3979 932 4032 C.
952 3981 984 4033 F.
1004 3981 1158 4060 Heinnanni
1176 3977 1249 4047 Lips.

158 4138 162 4144 μ
191 4071 266 4126 1879,
302 4069 383 4124 Praef.
401 4087 429 4137 p.
447 4067 507 4122 XII.
