2854 4828
559 461 709 523 -7-.-

93 638 216 722 quibus
250 659 311 717 res,
342 659 412 722 quae
438 640 730 728 commemorentur,
755 659 794 700 ex
818 636 904 700 omni
927 638 1017 718 parte
1041 637 1163 718 possint

94 763 284 828 illuminari.
325 763 384 825 nst
406 761 475 826 haec
497 761 589 844 eopia
605 762 750 845 quaedam
768 761 903 838 dicendi,
920 781 1001 843 quae,
1013 763 1054 826 ,ut
1068 757 1162 827 nimia

96 888 267 951 abundans
301 887 461 951 interdum
495 887 650 961 videatur,
687 887 828 950 atcerte
852 885 987 950 multum
1010 885 1096 950 valet
1121 885 1163 948 ad

92 1013 273 1097 imaginem
286 1033 392 1075 rerum
403 1011 585 1074 distinctius
598 1009 847 1095 exprimendam.
873 1009 938 1074 cfr.
950 1007 1009 1076 ΙΙΙ.
1023 1012 1161 1076 26-28:

208 1189 277 1245 dmn
302 1207 379 1246 nova
403 1185 534 1252 canities,
560 1186 631 1244 dum
654 1187 749 1262 prima
774 1189 803 1244 et
826 1189 907 1244 recta
931 1189 1075 1256 senectae,

207 1293 278 1351 dum
292 1297 435 1380 'superest
458 1293 582 1351 Lachesi
606 1293 685 1368 quod
708 1297 859 1368 torqueat,
884 1293 1060 1368 etpedibus
1083 1313 1129 1352 me

206 1405 294 1476 port-o
317 1401 389 1458 meis
413 1401 495 1458 nullo
520 1401 654 1457 dextram
677 1401 823 1458 subeunte
845 1400 953 1458 bacillo

208 1581 305 1645 Aliud
329 1581 510 1665 exemplum
534 1584 582 1645 est
605 1577 680 1646 VH.
705 1583 851 1648 53—552

206 1757 258 1816 sed
280 1761 379 1816 vatem
403 1757 565 1832 egregium,
590 1757 638 1816 cui
662 1775 720 1817 non
745 1757 783 1816 sit
805 1757 925 1832 publiea
948 1778 1032 1827 vena,

207 1864 258 1938 qui
282 1863 546 1940 nihilcxpositum
570 1863 665 1922 soleat
688 1864 840 1934 deducere,
866 1883 918 1922 neo
942 1865 994 1940 qui

209 1970 357 2028 communi
381 1960 468 2028 feriat
492 1989 610 2028 emman
633 1969 751 2027 triviale
775 1975 893 2028 moneta

208 2146 369 2233 Imprimis
392 2151 432 2214 de
455 2173 506 2214 vv.
531 2151 662 2214 48-49
687 2147 860 2236 ambigitur
877 2153 954 2216 adeo
970 2155 1006 2215 ut
1022 2175 1040 2216 a
1055 2153 1164 2217 multis

99 2297 159 2357 pro
193 2276 309 2358 spuriis
339 2275 528 2354 habeantur,
563 2275 618 2338 sed
653 2274 688 2338 hi
710 2297 819 2340 versus
843 2275 1068 2342 cohaerentiam
1092 2299 1165 2342 aen-

99 2400 275 2463 tentiarum
297 2423 361 2465 non
383 2400 513 2464 laedunt.
558 2398 708 2475 Quamvis
732 2401 817 2464 enim
840 2399 990 2466 Neevolua
1014 2403 1073 2466 hoc
1097 2403 1165 2468 loco

100 2528 141 2590 ad
175 2525 282 2609 plures
316 2525 461 2588 homines
496 2546 592 2608 quam
626 2526 659 2588 in
695 2525 735 2588 iis
770 2526 925 2605 versibus,
961 2527 1015 2611 qui
1044 2549 1164 2610 praeoe-

101 2651 180 2716 dunt
206 2653 238 2714 et
260 2653 446 2733 sequuntur,
470 2671 538 2714 sese
563 2639 727 2713 convertat
809 2649 840 2714 id
856 2651 940 2735 quod
956 2655 1042 2715 reete
1058 2661 1165 2716 monet

100 2775 298 2839 Ribbeokius
314 2773 340 2852 ¹)
377 2811 417 2820 -
453 2797 515 2838 non
549 2777 657 2838 tamen
685 2775 755 2839 ideo
778 2776 825 2853 fit,
849 2780 885 2838 ut
907 2776 976 2840 haec
1000 2778 1165 2859 paululum

100 2904 223 2963 mutata
246 2901 414 2978 sententia,
439 2903 600 2984 tamquam
626 2900 653 2962 si
676 2923 695 2962 a
716 2899 942 2964 consuetudine
959 2897 1165 2966 Iuvenaliana

103 3025 208 3088 aliena
232 3025 283 3101 sie,
308 3025 442 3109 indigna
466 3025 599 3088 iudicari
624 3025 749 3099 debeat,
774 3047 844 3107 quaa
869 3025 1053 3091 retineatur.
1092 3025 1165 3090 Non

102 3149 289 3213 inusitatum
313 3154 371 3227 est,
396 3145 580 3212 Iuvenalem
597 3147 782 3213 incohatum
799 3150 989 3234 colloquium
1005 3151 1164 3214 interdum

103 3276 302 3357 abrumpere,
337 3275 413 3337 dum
448 3274 488 3338 ad
519 3273 596 3337 alios
620 3295 653 3337 se
677 3275 832 3338 convertit
855 3275 1085 3339 sententiamve
1109 3278 1166 3339 ad-

103 3399 223 3477 miscet,
248 3419 319 3482 quae
343 3400 383 3462 ad
407 3400 504 3462 verba
528 3399 716 3482 explicanda
738 3399 790 3462 vel
814 3398 853 3462 ad
876 3399 1051 3482 imaginem
1075 3399 1166 3464 adhi-

104 3489 200 3587 bitam
237 3524 271 3586 in
306 3523 438 3587 clariore
473 3523 542 3587 luce
579 3523 795 3588 collocandam
819 3527 894 3606 apte
917 3543 985 3588 esse
1010 3525 1164 3590 videatur.

88 3647 186 3712 uatis
222 3653 270 3711 eat
305 3669 402 3732 unum
438 3647 619 3731 exemplum
654 3650 753 3711 duove
782 3647 917 3713 adferre.
963 3646 1005 3714 ΙΙ.
1031 3649 1072 3726 77
1096 3672 1166 3734 sqq.

104 3777 197 3855 poeta
232 3774 265 3838 in
289 3771 447 3836 Creticum
474 3772 644 3846 invehitur,
668 3775 752 3836 totus
775 3773 809 3836 in
834 3795 906 3837 eum
930 3796 1109 3851 conversae,
1133 3775 1166 3838 id

102 3897 186 3980 quod
220 3919 283 3960 non
312 3897 456 3979 impedit,
480 3917 519 3960 ne
543 3919 594 3961 vv.
619 3897 745 3962 79—81
775 3897 838 3961 alia
862 3897 900 3962 de
925 3921 959 3962 re
984 3902 1069 3983 agat,
1094 3921 1165 3982 quae

213 4144 233 4212 ¹)
253 4145 371 4199 anaacrr
392 4146 410 4198 l.
430 4145 448 4198 l.
467 4163 494 4214 p.
515 4144 574 4200 133.
