<?xml version="1.0" encoding="UTF-8"?>
<!DOCTYPE html PUBLIC "-//W3C//DTD XHTML 1.0 Transitional//EN"
    "http://www.w3.org/TR/xhtml1/DTD/xhtml1-transitional.dtd">
<html xmlns="http://www.w3.org/1999/xhtml" xml:lang="en" lang="en">
 <head>
  <title>
</title>
<meta http-equiv="Content-Type" content="text/html;charset=utf-8" />
  <meta name='ocr-system' content='tesseract 3.04.00' />
  <meta name='ocr-capabilities' content='ocr_page ocr_carea ocr_par ocr_line ocrx_word'/>
</head>
<body>
  <div class='ocr_page' id='page_1' title='image "./deargumentidisp00grylgoog_0259.png"; bbox 0 0 2930 4836; ppageno 0'>
   <div class='ocr_carea' id='block_1_1' title="bbox 712 451 907 512">
    <p class='ocr_par' dir='ltr' id='par_1_1' title="bbox 712 451 907 512">
     <span class='ocr_line' id='line_1_1' title="bbox 712 451 907 512; baseline 0 0"><span class='ocrx_word' id='word_1_1' title='bbox 712 451 907 512; x_wconf 40' lang='lat'>*140-</span> 
     </span>
    </p>
   </div>
   <div class='ocr_carea' id='block_1_2' title="bbox 279 623 1345 834">
    <p class='ocr_par' dir='ltr' id='par_1_2' title="bbox 279 623 1345 834">
     <span class='ocr_line' id='line_1_2' title="bbox 279 623 1345 710; baseline 0.001 -21"><span class='ocrx_word' id='word_1_2' title='bbox 279 634 329 690; x_wconf 86' lang='lat' dir='ltr'>ter</span> <span class='ocrx_word' id='word_1_3' title='bbox 351 626 494 690; x_wconf 77' lang='lat' dir='ltr'>iteratur.</span> <span class='ocrx_word' id='word_1_4' title='bbox 542 624 592 690; x_wconf 90' lang='lat' dir='ltr'>Ita</span> <span class='ocrx_word' id='word_1_5' title='bbox 615 623 774 690; x_wconf 87' lang='lat' dir='ltr'>luvenalis</span> <span class='ocrx_word' id='word_1_6' title='bbox 798 649 882 710; x_wconf 85' lang='lat' dir='ltr'>saepe</span> <span class='ocrx_word' id='word_1_7' title='bbox 907 627 994 701; x_wconf 86' lang='lat' dir='ltr'>facit,</span> <span class='ocrx_word' id='word_1_8' title='bbox 1020 649 1089 690; x_wconf 87' lang='lat' dir='ltr'>cum</span> <span class='ocrx_word' id='word_1_9' title='bbox 1107 627 1205 690; x_wconf 89' lang='lat' dir='ltr'>verba</span> <span class='ocrx_word' id='word_1_10' title='bbox 1221 628 1345 692; x_wconf 88' lang='lat' dir='ltr'>maiore</span> 
     </span>
     <span class='ocr_line' id='line_1_3' title="bbox 280 749 1344 834; baseline -0.001 -20"><span class='ocrx_word' id='word_1_11' title='bbox 280 752 418 833; x_wconf 88' lang='lat' dir='ltr'>pondere</span> <span class='ocrx_word' id='word_1_12' title='bbox 444 753 555 815; x_wconf 86' lang='lat' dir='ltr'>efferre</span> <span class='ocrx_word' id='word_1_13' title='bbox 580 751 658 827; x_wconf 77' lang='lat' dir='ltr'>vult,</span> <span class='ocrx_word' id='word_1_14' title='bbox 683 752 771 814; x_wconf 88' lang='lat' dir='ltr'>cuius</span> <span class='ocrx_word' id='word_1_15' title='bbox 795 752 842 814; x_wconf 86' lang='lat' dir='ltr'>rei</span> <span class='ocrx_word' id='word_1_16' title='bbox 867 751 953 814; x_wconf 91' lang='lat' dir='ltr'>aliud</span> <span class='ocrx_word' id='word_1_17' title='bbox 977 751 1159 834; x_wconf 84' lang='lat' dir='ltr'>exemplum</span> <span class='ocrx_word' id='word_1_18' title='bbox 1183 757 1231 816; x_wconf 88' lang='lat' dir='ltr'>est</span> <span class='ocrx_word' id='word_1_19' title='bbox 1249 749 1344 815; x_wconf 87' lang='lat' dir='ltr'><strong>VIII.</strong></span> 
     </span>
    </p>
   </div>
   <div class='ocr_carea' id='block_1_3' title="bbox 280 875 1344 1086">
    <p class='ocr_par' dir='ltr' id='par_1_3' title="bbox 280 875 1344 1086">
     <span class='ocr_line' id='line_1_4' title="bbox 281 875 1344 960; baseline 0.001 -22"><span class='ocrx_word' id='word_1_20' title='bbox 281 877 344 940; x_wconf 81' lang='lat'>215</span> <span class='ocrx_word' id='word_1_21' title='bbox 380 898 450 960; x_wconf 87' lang='lat' dir='ltr'>sqq.</span> <span class='ocrx_word' id='word_1_22' title='bbox 497 877 562 940; x_wconf 77' lang='lat' dir='ltr'>Ofr.</span> <span class='ocrx_word' id='word_1_23' title='bbox 597 877 680 960; x_wconf 87' lang='lat' dir='ltr'>quod</span> <span class='ocrx_word' id='word_1_24' title='bbox 714 877 748 940; x_wconf 89' lang='lat' dir='ltr'>iu</span> <span class='ocrx_word' id='word_1_25' title='bbox 781 877 879 940; x_wconf 86' lang='lat' dir='ltr'>satira</span> <span class='ocrx_word' id='word_1_26' title='bbox 902 875 1014 960; x_wconf 90' lang='lat' dir='ltr'>quinta</span> <span class='ocrx_word' id='word_1_27' title='bbox 1039 877 1161 939; x_wconf 89' lang='lat' dir='ltr'>decima</span> <span class='ocrx_word' id='word_1_28' title='bbox 1185 876 1248 939; x_wconf 88' lang='lat' dir='ltr'>alio</span> <span class='ocrx_word' id='word_1_29' title='bbox 1272 877 1344 940; x_wconf 91' lang='lat' dir='ltr'>loeo</span> 
     </span>
     <span class='ocr_line' id='line_1_5' title="bbox 280 1000 669 1086; baseline 0.005 -22"><span class='ocrx_word' id='word_1_30' title='bbox 280 1000 343 1080; x_wconf 80' lang='lat' dir='ltr'>(vv.</span> <span class='ocrx_word' id='word_1_31' title='bbox 369 1003 512 1083; x_wconf 77' lang='lat'>93-95)</span> <span class='ocrx_word' id='word_1_32' title='bbox 536 1002 669 1086; x_wconf 82' lang='lat' dir='ltr'>legitur:</span> 
     </span>
    </p>
   </div>
   <div class='ocr_carea' id='block_1_4' title="bbox 376 1175 1214 1448">
    <p class='ocr_par' dir='ltr' id='par_1_4' title="bbox 376 1175 1214 1448">
     <span class='ocr_line' id='line_1_6' title="bbox 376 1175 1214 1246; baseline 0 -14"><span class='ocrx_word' id='word_1_33' title='bbox 376 1176 544 1246; x_wconf 70' lang='lat' dir='ltr'>Vascones</span> <span class='ocrx_word' id='word_1_34' title='bbox 569 1177 631 1234; x_wconf 89' lang='lat' dir='ltr'>haec</span> <span class='ocrx_word' id='word_1_35' title='bbox 655 1177 735 1233; x_wconf 78' lang='lat' dir='ltr'>fania</span> <span class='ocrx_word' id='word_1_36' title='bbox 760 1183 812 1245; x_wconf 84' lang='lat' dir='ltr'>est,</span> <span class='ocrx_word' id='word_1_37' title='bbox 839 1176 984 1234; x_wconf 80' lang='lat' dir='ltr'>alimentis</span> <span class='ocrx_word' id='word_1_38' title='bbox 1009 1177 1119 1233; x_wconf 84' lang='lat' dir='ltr'>talibus</span> <span class='ocrx_word' id='word_1_39' title='bbox 1143 1175 1214 1234; x_wconf 90' lang='lat' dir='ltr'>olim</span> 
     </span>
     <span class='ocr_line' id='line_1_7' title="bbox 387 1283 1159 1358; baseline -0.001 -18"><span class='ocrx_word' id='word_1_40' title='bbox 387 1283 552 1358; x_wconf 86' lang='lat' dir='ltr'>produxere</span> <span class='ocrx_word' id='word_1_41' title='bbox 576 1283 706 1340; x_wconf 86' lang='lat' dir='ltr'>animas:</span> <span class='ocrx_word' id='word_1_42' title='bbox 731 1284 781 1340; x_wconf 91' lang='lat' dir='ltr'>sed</span> <span class='ocrx_word' id='word_1_43' title='bbox 805 1302 851 1341; x_wconf 85' lang='lat' dir='ltr'>res</span> <span class='ocrx_word' id='word_1_44' title='bbox 876 1283 1001 1351; x_wconf 85' lang='lat' dir='ltr'>diversa,</span> <span class='ocrx_word' id='word_1_45' title='bbox 1026 1284 1076 1340; x_wconf 86' lang='lat' dir='ltr'>sed</span> <span class='ocrx_word' id='word_1_46' title='bbox 1099 1283 1159 1340; x_wconf 90' lang='lat' dir='ltr'>illic</span> 
     </span>
     <span class='ocr_line' id='line_1_8' title="bbox 388 1390 797 1448; baseline 0 -2"><span class='ocrx_word' id='word_1_47' title='bbox 388 1390 515 1448; x_wconf 81' lang='lat' dir='ltr'>l&#39;ortunae</span> <span class='ocrx_word' id='word_1_48' title='bbox 539 1390 649 1447; x_wconf 88' lang='lat' dir='ltr'>invidia</span> <span class='ocrx_word' id='word_1_49' title='bbox 674 1394 718 1447; x_wconf 87' lang='lat' dir='ltr'>est</span> <span class='ocrx_word' id='word_1_50' title='bbox 741 1395 797 1447; x_wconf 89' lang='lat' dir='ltr'>cet.</span> 
     </span>
    </p>
   </div>
   <div class='ocr_carea' id='block_1_5' title="bbox 279 1551 1344 2758">
    <p class='ocr_par' dir='ltr' id='par_1_5' title="bbox 279 1551 1344 2758">
     <span class='ocr_line' id='line_1_9' title="bbox 387 1551 1344 1635; baseline -0.001 -20"><span class='ocrx_word' id='word_1_51' title='bbox 387 1552 614 1635; x_wconf 86' lang='lat' dir='ltr'>Imperativum</span> <span class='ocrx_word' id='word_1_52' title='bbox 650 1552 738 1615; x_wconf 92' lang='lat' dir='ltr'>illum</span> <span class='ocrx_word' id='word_1_53' title='bbox 776 1553 884 1635; x_wconf 79' lang='lat' dir='ltr'>accipe</span> <span class='ocrx_word' id='word_1_54' title='bbox 917 1575 945 1615; x_wconf 84' lang='lat' dir='ltr'>v.</span> <span class='ocrx_word' id='word_1_55' title='bbox 972 1553 1010 1615; x_wconf 88' lang='lat'>31</span> <span class='ocrx_word' id='word_1_56' title='bbox 1037 1551 1200 1615; x_wconf 80' lang='lat' dir='ltr'>habemus</span> <span class='ocrx_word' id='word_1_57' title='bbox 1249 1551 1344 1614; x_wconf 86' lang='lat' dir='ltr'>Alter</span> 
     </span>
     <span class='ocr_line' id='line_1_10' title="bbox 279 1669 1342 1760; baseline -0.002 -20"><span class='ocrx_word' id='word_1_58' title='bbox 279 1677 344 1756; x_wconf 82' lang='lat' dir='ltr'>ille,</span> <span class='ocrx_word' id='word_1_59' title='bbox 369 1679 423 1760; x_wconf 88' lang='lat' dir='ltr'>qui</span> <span class='ocrx_word' id='word_1_60' title='bbox 447 1680 495 1741; x_wconf 89' lang='lat' dir='ltr'>est</span> <span class='ocrx_word' id='word_1_61' title='bbox 519 1677 608 1755; x_wconf 82' lang='lat' dir='ltr'>adde,</span> <span class='ocrx_word' id='word_1_62' title='bbox 632 1700 662 1740; x_wconf 82' lang='lat' dir='ltr'>v.</span> <span class='ocrx_word' id='word_1_63' title='bbox 687 1677 728 1739; x_wconf 77' lang='lat'>47</span> <span class='ocrx_word' id='word_1_64' title='bbox 754 1676 937 1741; x_wconf 81' lang='lat' dir='ltr'>adhibetur:</span> <span class='ocrx_word' id='word_1_65' title='bbox 967 1676 1083 1739; x_wconf 79' lang='lat' dir='ltr'>similia</span> <span class='ocrx_word' id='word_1_66' title='bbox 1107 1669 1254 1759; x_wconf 84' lang='lat' dir='ltr'>exempla</span> <span class='ocrx_word' id='word_1_67' title='bbox 1276 1677 1342 1738; x_wconf 90' lang='lat' dir='ltr'>iam</span> 
     </span>
     <span class='ocr_line' id='line_1_11' title="bbox 280 1800 1341 1892; baseline -0.002 -28"><span class='ocrx_word' id='word_1_68' title='bbox 280 1812 374 1864; x_wconf 89' lang='lat' dir='ltr'>antea</span> <span class='ocrx_word' id='word_1_69' title='bbox 409 1803 555 1866; x_wconf 80' lang='lat' dir='ltr'>vidimus,</span> <span class='ocrx_word' id='word_1_70' title='bbox 606 1800 709 1885; x_wconf 83' lang='lat' dir='ltr'>Supra</span> <span class='ocrx_word' id='word_1_71' title='bbox 744 1803 782 1865; x_wconf 87' lang='lat' dir='ltr'>de</span> <span class='ocrx_word' id='word_1_72' title='bbox 817 1801 866 1864; x_wconf 84' lang='lat' dir='ltr'>his</span> <span class='ocrx_word' id='word_1_73' title='bbox 902 1802 1045 1876; x_wconf 85' lang='lat' dir='ltr'>versibus</span> <span class='ocrx_word' id='word_1_74' title='bbox 1079 1803 1209 1865; x_wconf 74' lang='lat'>47-48</span> <span class='ocrx_word' id='word_1_75' title='bbox 1241 1802 1341 1892; x_wconf 87' lang='lat' dir='ltr'>locuti</span> 
     </span>
     <span class='ocr_line' id='line_1_12' title="bbox 280 1925 1341 2026; baseline -0.002 -36"><span class='ocrx_word' id='word_1_76' title='bbox 280 1950 386 1990; x_wconf 91' lang='lat' dir='ltr'>sumus</span> <span class='ocrx_word' id='word_1_77' title='bbox 417 1930 449 1990; x_wconf 91' lang='lat' dir='ltr'>et</span> <span class='ocrx_word' id='word_1_78' title='bbox 472 1927 691 2026; x_wconf 82' lang='lat' dir='ltr'>integritatem</span> <span class='ocrx_word' id='word_1_79' title='bbox 716 1949 830 2014; x_wconf 77' lang='lat' dir='ltr'>eorum¹</span> <span class='ocrx_word' id='word_1_80' title='bbox 849 1927 1057 2006; x_wconf 67' lang='lat' dir='ltr'>defendimus</span> <span class='ocrx_word' id='word_1_81' title='bbox 1082 1947 1151 1990; x_wconf 88' lang='lat' dir='ltr'>oum</span> <span class='ocrx_word' id='word_1_82' title='bbox 1178 1925 1341 1990; x_wconf 88' lang='lat' dir='ltr'>cohaeren-</span> 
     </span>
     <span class='ocr_line' id='line_1_13' title="bbox 279 2052 1341 2133; baseline -0.003 -18"><span class='ocrx_word' id='word_1_83' title='bbox 279 2053 357 2115; x_wconf 87' lang='lat' dir='ltr'>tiam</span> <span class='ocrx_word' id='word_1_84' title='bbox 392 2052 545 2116; x_wconf 84' lang='lat' dir='ltr'>sermonis</span> <span class='ocrx_word' id='word_1_85' title='bbox 580 2074 631 2114; x_wconf 91' lang='lat' dir='ltr'>eos</span> <span class='ocrx_word' id='word_1_86' title='bbox 666 2052 753 2114; x_wconf 93' lang='lat' dir='ltr'>nullo</span> <span class='ocrx_word' id='word_1_87' title='bbox 788 2052 880 2115; x_wconf 89' lang='lat' dir='ltr'>modo</span> <span class='ocrx_word' id='word_1_88' title='bbox 914 2052 1044 2115; x_wconf 86' lang='lat' dir='ltr'>turbare</span> <span class='ocrx_word' id='word_1_89' title='bbox 1073 2057 1127 2113; x_wconf 91' lang='lat' dir='ltr'>aut</span> <span class='ocrx_word' id='word_1_90' title='bbox 1151 2052 1341 2133; x_wconf 87' lang='lat' dir='ltr'>abrumpere</span> 
     </span>
     <span class='ocr_line' id='line_1_14' title="bbox 280 2174 1340 2259; baseline -0.004 -19"><span class='ocrx_word' id='word_1_91' title='bbox 280 2178 465 2240; x_wconf 78' lang='lat' dir='ltr'>diceremus.</span> <span class='ocrx_word' id='word_1_92' title='bbox 505 2176 589 2251; x_wconf 81' lang='lat' dir='ltr'>Quos</span> <span class='ocrx_word' id='word_1_93' title='bbox 609 2174 969 2259; x_wconf 86' lang='lat' dir='ltr'>quamvis&#39;parenthesis</span> <span class='ocrx_word' id='word_1_94' title='bbox 985 2176 1054 2239; x_wconf 89' lang='lat' dir='ltr'>loco</span> <span class='ocrx_word' id='word_1_95' title='bbox 1070 2175 1216 2253; x_wconf 82' lang='lat' dir='ltr'>habeam,</span> <span class='ocrx_word' id='word_1_96' title='bbox 1233 2181 1340 2238; x_wconf 86' lang='lat' dir='ltr'>tamen</span> 
     </span>
     <span class='ocr_line' id='line_1_15' title="bbox 280 2300 1339 2384; baseline -0.002 -20"><span class='ocrx_word' id='word_1_97' title='bbox 280 2324 407 2365; x_wconf 87' lang='lat' dir='ltr'>causam</span> <span class='ocrx_word' id='word_1_98' title='bbox 442 2302 614 2377; x_wconf 78' lang='lat' dir='ltr'>continent,</span> <span class='ocrx_word' id='word_1_99' title='bbox 646 2323 702 2364; x_wconf 85' lang='lat' dir='ltr'>our</span> <span class='ocrx_word' id='word_1_100' title='bbox 725 2300 899 2384; x_wconf 81' lang='lat' dir='ltr'>Tentyritae</span> <span class='ocrx_word' id='word_1_101' title='bbox 924 2302 957 2363; x_wconf 87' lang='lat' dir='ltr'>iu</span> <span class='ocrx_word' id='word_1_102' title='bbox 982 2301 1178 2364; x_wconf 84' lang='lat' dir='ltr'>adversarios</span> <span class='ocrx_word' id='word_1_103' title='bbox 1203 2301 1339 2383; x_wconf 89' lang='lat' dir='ltr'>impetus</span> 
     </span>
     <span class='ocr_line' id='line_1_16' title="bbox 279 2424 1339 2509; baseline -0.004 -19"><span class='ocrx_word' id='word_1_104' title='bbox 279 2427 417 2490; x_wconf 89' lang='lat' dir='ltr'>faciendi</span> <span class='ocrx_word' id='word_1_105' title='bbox 442 2427 607 2490; x_wconf 86' lang='lat' dir='ltr'>consilium</span> <span class='ocrx_word' id='word_1_106' title='bbox 630 2427 783 2508; x_wconf 84' lang='lat' dir='ltr'>ceperint.</span> <span class='ocrx_word' id='word_1_107' title='bbox 819 2425 1041 2509; x_wconf 84' lang='lat' dir='ltr'>Bergmueller</span> <span class='ocrx_word' id='word_1_108' title='bbox 1056 2424 1214 2488; x_wconf 89' lang='lat' dir='ltr'>Palmium</span> <span class='ocrx_word' id='word_1_109' title='bbox 1232 2447 1339 2508; x_wconf 89' lang='lat' dir='ltr'>repre-</span> 
     </span>
     <span class='ocr_line' id='line_1_17' title="bbox 279 2549 1341 2636; baseline -0.002 -23"><span class='ocrx_word' id='word_1_110' title='bbox 279 2551 399 2628; x_wconf 78' lang='lat' dir='ltr'>hendit¹</span> <span class='ocrx_word' id='word_1_111' title='bbox 416 2573 537 2636; x_wconf 85' lang='lat' dir='ltr'>negans</span> <span class='ocrx_word' id='word_1_112' title='bbox 554 2573 624 2614; x_wconf 89' lang='lat' dir='ltr'>eum</span> <span class='ocrx_word' id='word_1_113' title='bbox 642 2552 871 2614; x_wconf 90' lang='lat' dir='ltr'>sententiarum</span> <span class='ocrx_word' id='word_1_114' title='bbox 883 2572 999 2612; x_wconf 86' lang='lat' dir='ltr'>nexum</span> <span class='ocrx_word' id='word_1_115' title='bbox 1013 2549 1207 2612; x_wconf 82' lang='lat' dir='ltr'>intellexisse</span> <span class='ocrx_word' id='word_1_116' title='bbox 1219 2549 1258 2629; x_wconf 82' lang='lat'>¹);</span> <span class='ocrx_word' id='word_1_117' title='bbox 1274 2553 1341 2611; x_wconf 88' lang='lat' dir='ltr'>tres</span> 
     </span>
     <span class='ocr_line' id='line_1_18' title="bbox 280 2675 1339 2758; baseline -0.002 -21"><span class='ocrx_word' id='word_1_118' title='bbox 280 2676 364 2738; x_wconf 90' lang='lat' dir='ltr'>enim</span> <span class='ocrx_word' id='word_1_119' title='bbox 388 2675 442 2738; x_wconf 91' lang='lat' dir='ltr'>ille</span> <span class='ocrx_word' id='word_1_120' title='bbox 467 2698 577 2739; x_wconf 88' lang='lat' dir='ltr'>causas</span> <span class='ocrx_word' id='word_1_121' title='bbox 602 2675 725 2738; x_wconf 87' lang='lat' dir='ltr'>consilii</span> <span class='ocrx_word' id='word_1_122' title='bbox 748 2675 986 2758; x_wconf 81' lang='lat' dir='ltr'>Tentyritarum</span> <span class='ocrx_word' id='word_1_123' title='bbox 1010 2679 1136 2756; x_wconf 91' lang='lat' dir='ltr'>poetam</span> <span class='ocrx_word' id='word_1_124' title='bbox 1154 2695 1339 2737; x_wconf 84' lang='lat' dir='ltr'>enumerare</span> 
     </span>
    </p>
   </div>
   <div class='ocr_carea' id='block_1_6' title="bbox 279 2798 1339 2882">
    <p class='ocr_par' dir='ltr' id='par_1_6' title="bbox 279 2798 1339 2882">
     <span class='ocr_line' id='line_1_19' title="bbox 279 2798 1339 2882; baseline -0.003 -20"><span class='ocrx_word' id='word_1_125' title='bbox 279 2800 428 2878; x_wconf 81' lang='lat' dir='ltr'>ostendit,</span> <span class='ocrx_word' id='word_1_126' title='bbox 463 2801 518 2864; x_wconf 88' lang='lat' dir='ltr'>sed</span> <span class='ocrx_word' id='word_1_127' title='bbox 553 2823 616 2863; x_wconf 92' lang='lat' dir='ltr'>non</span> <span class='ocrx_word' id='word_1_128' title='bbox 650 2800 752 2878; x_wconf 78' lang='lat' dir='ltr'>video,</span> <span class='ocrx_word' id='word_1_129' title='bbox 789 2822 844 2863; x_wconf 91' lang='lat' dir='ltr'>cur</span> <span class='ocrx_word' id='word_1_130' title='bbox 878 2822 939 2864; x_wconf 91' lang='lat' dir='ltr'>non</span> <span class='ocrx_word' id='word_1_131' title='bbox 967 2799 1068 2882; x_wconf 86' lang='lat' dir='ltr'>possit</span> <span class='ocrx_word' id='word_1_132' title='bbox 1091 2801 1187 2880; x_wconf 88' lang='lat' dir='ltr'>poeta</span> <span class='ocrx_word' id='word_1_133' title='bbox 1211 2798 1339 2866; x_wconf 87' lang='lat' dir='ltr'>tertiam</span> 
     </span>
    </p>
   </div>
   <div class='ocr_carea' id='block_1_7' title="bbox 183 2922 1340 3007">
    <p class='ocr_par' dir='ltr' id='par_1_7' title="bbox 183 2922 1340 3007">
     <span class='ocr_line' id='line_1_20' title="bbox 183 2922 1340 3007; baseline -0.002 -21"><span class='ocrx_word' id='word_1_134' title='bbox 183 2969 185 2976; x_wconf 69' lang='lat'><em>,</em></span> <span class='ocrx_word' id='word_1_135' title='bbox 278 2925 367 2988; x_wconf 91' lang='lat' dir='ltr'>illam</span> <span class='ocrx_word' id='word_1_136' title='bbox 400 2942 527 2986; x_wconf 86' lang='lat' dir='ltr'>causam</span> <span class='ocrx_word' id='word_1_137' title='bbox 551 2925 641 3007; x_wconf 90' lang='lat' dir='ltr'>quasi</span> <span class='ocrx_word' id='word_1_138' title='bbox 665 2923 697 2987; x_wconf 87' lang='lat' dir='ltr'>in</span> <span class='ocrx_word' id='word_1_139' title='bbox 722 2922 904 3006; x_wconf 86' lang='lat' dir='ltr'>parenthesi</span> <span class='ocrx_word' id='word_1_140' title='bbox 929 2923 1109 2997; x_wconf 81' lang='lat' dir='ltr'>includere3</span> <span class='ocrx_word' id='word_1_141' title='bbox 1144 2945 1245 2985; x_wconf 87' lang='lat' dir='ltr'>nexus</span> <span class='ocrx_word' id='word_1_142' title='bbox 1269 2944 1340 2985; x_wconf 90' lang='lat' dir='ltr'>sen-</span> 
     </span>
    </p>
   </div>
   <div class='ocr_carea' id='block_1_8' title="bbox 278 3048 1341 3755">
    <p class='ocr_par' dir='ltr' id='par_1_8' title="bbox 278 3048 792 3113">
     <span class='ocr_line' id='line_1_21' title="bbox 278 3048 792 3113; baseline 0 -1"><span class='ocrx_word' id='word_1_143' title='bbox 278 3050 451 3112; x_wconf 89' lang='lat' dir='ltr'>tentiarum</span> <span class='ocrx_word' id='word_1_144' title='bbox 475 3071 536 3113; x_wconf 91' lang='lat' dir='ltr'>non</span> <span class='ocrx_word' id='word_1_145' title='bbox 560 3049 631 3111; x_wconf 91' lang='lat' dir='ltr'>ideo</span> <span class='ocrx_word' id='word_1_146' title='bbox 655 3048 792 3112; x_wconf 89' lang='lat' dir='ltr'>laeditur.</span> 
     </span>
    </p>

    <p class='ocr_par' dir='ltr' id='par_1_9' title="bbox 278 3170 1341 3755">
     <span class='ocr_line' id='line_1_22' title="bbox 385 3170 1339 3258; baseline -0.005 -22"><span class='ocrx_word' id='word_1_147' title='bbox 385 3173 622 3258; x_wconf 85' lang='lat' dir='ltr'>Bergmueller:</span> <span class='ocrx_word' id='word_1_148' title='bbox 658 3194 767 3235; x_wconf 81' lang='lat' dir='ltr'>versus</span> <span class='ocrx_word' id='word_1_149' title='bbox 793 3173 932 3248; x_wconf 80' lang='lat'><strong>69-72,</strong></span> <span class='ocrx_word' id='word_1_150' title='bbox 957 3172 1070 3254; x_wconf 81' lang='lat' dir='ltr'>inquit,</span> <span class='ocrx_word' id='word_1_151' title='bbox 1094 3193 1152 3234; x_wconf 88' lang='lat' dir='ltr'>nec</span> <span class='ocrx_word' id='word_1_152' title='bbox 1177 3170 1339 3256; x_wconf 84' lang='lat' dir='ltr'>elegantes</span> 
     </span>
     <span class='ocr_line' id='line_1_23' title="bbox 279 3294 1341 3381; baseline -0.003 -22"><span class='ocrx_word' id='word_1_153' title='bbox 279 3319 347 3361; x_wconf 86' lang='lat' dir='ltr'>esse</span> <span class='ocrx_word' id='word_1_154' title='bbox 371 3320 429 3361; x_wconf 89' lang='lat' dir='ltr'>nec</span> <span class='ocrx_word' id='word_1_155' title='bbox 454 3321 585 3362; x_wconf 88' lang='lat' dir='ltr'>acumen</span> <span class='ocrx_word' id='word_1_156' title='bbox 609 3297 753 3380; x_wconf 85' lang='lat' dir='ltr'>prodere,</span> <span class='ocrx_word' id='word_1_157' title='bbox 777 3294 889 3381; x_wconf 83' lang='lat' dir='ltr'>longio</span> <span class='ocrx_word' id='word_1_158' title='bbox 913 3296 947 3378; x_wconf 87' lang='lat' dir='ltr'>(l.</span> <span class='ocrx_word' id='word_1_159' title='bbox 973 3319 999 3359; x_wconf 87' lang='lat' dir='ltr'>o.</span> <span class='ocrx_word' id='word_1_160' title='bbox 1025 3319 1055 3379; x_wconf 92' lang='lat' dir='ltr'>p.</span> <span class='ocrx_word' id='word_1_161' title='bbox 1082 3295 1137 3376; x_wconf 81' lang='lat'>95)</span> <span class='ocrx_word' id='word_1_162' title='bbox 1160 3317 1254 3358; x_wconf 90' lang='lat' dir='ltr'>nemo</span> <span class='ocrx_word' id='word_1_163' title='bbox 1279 3316 1341 3357; x_wconf 89' lang='lat' dir='ltr'>non</span> 
     </span>
     <span class='ocr_line' id='line_1_24' title="bbox 279 3419 1339 3504; baseline -0.004 -20"><span class='ocrx_word' id='word_1_164' title='bbox 279 3424 447 3498; x_wconf 88' lang='lat' dir='ltr'>concedet;</span> <span class='ocrx_word' id='word_1_165' title='bbox 482 3446 590 3486; x_wconf 85' lang='lat' dir='ltr'>verum</span> <span class='ocrx_word' id='word_1_166' title='bbox 619 3427 727 3486; x_wconf 88' lang='lat' dir='ltr'>tamen</span> <span class='ocrx_word' id='word_1_167' title='bbox 750 3423 834 3504; x_wconf 92' lang='lat' dir='ltr'>quod</span> <span class='ocrx_word' id='word_1_168' title='bbox 858 3421 911 3484; x_wconf 92' lang='lat' dir='ltr'>ille</span> <span class='ocrx_word' id='word_1_169' title='bbox 937 3421 1022 3499; x_wconf 80' lang='lat' dir='ltr'>dicit,</span> <span class='ocrx_word' id='word_1_170' title='bbox 1048 3421 1088 3484; x_wconf 90' lang='lat' dir='ltr'>ab</span> <span class='ocrx_word' id='word_1_171' title='bbox 1112 3419 1339 3502; x_wconf 86' lang='lat' dir='ltr'>interpolatore</span> 
     </span>
     <span class='ocr_line' id='line_1_25' title="bbox 278 3545 1339 3629; baseline -0.004 -19"><span class='ocrx_word' id='word_1_172' title='bbox 278 3547 422 3610; x_wconf 86' lang='lat' dir='ltr'>versibus</span> <span class='ocrx_word' id='word_1_173' title='bbox 448 3548 576 3612; x_wconf 85' lang='grc'>65-68</span> <span class='ocrx_word' id='word_1_174' title='bbox 600 3547 691 3610; x_wconf 86' lang='lat' dir='ltr'>lectis</span> <span class='ocrx_word' id='word_1_175' title='bbox 711 3546 858 3629; x_wconf 89' lang='lat' dir='ltr'>cupidine</span> <span class='ocrx_word' id='word_1_176' title='bbox 876 3547 1007 3628; x_wconf 87' lang='lat' dir='ltr'>abrepto</span> <span class='ocrx_word' id='word_1_177' title='bbox 1025 3545 1234 3610; x_wconf 90' lang='lat' dir='ltr'>eruditionem</span> <span class='ocrx_word' id='word_1_178' title='bbox 1251 3565 1339 3606; x_wconf 89' lang='lat' dir='ltr'>suam</span> 
     </span>
     <span class='ocr_line' id='line_1_26' title="bbox 279 3667 1340 3755; baseline -0.002 -23"><span class='ocrx_word' id='word_1_179' title='bbox 279 3670 460 3733; x_wconf 88' lang='lat' dir='ltr'>ostentandi</span> <span class='ocrx_word' id='word_1_180' title='bbox 485 3671 673 3755; x_wconf 87' lang='lat' dir='ltr'>compositos</span> <span class='ocrx_word' id='word_1_181' title='bbox 698 3693 775 3749; x_wconf 78' lang='lat' dir='ltr'>esse,</span> <span class='ocrx_word' id='word_1_182' title='bbox 801 3693 819 3734; x_wconf 90' lang='lat' dir='ltr'>a</span> <span class='ocrx_word' id='word_1_183' title='bbox 841 3692 916 3734; x_wconf 80' lang='lat' dir='ltr'>vero</span> <span class='ocrx_word' id='word_1_184' title='bbox 939 3669 1089 3733; x_wconf 88' lang='lat' dir='ltr'>abhorret</span> <span class='ocrx_word' id='word_1_185' title='bbox 1104 3669 1140 3751; x_wconf 72' lang='grc'>2).</span> <span class='ocrx_word' id='word_1_186' title='bbox 1188 3667 1278 3744; x_wconf 82' lang='lat' dir='ltr'>Quod</span> <span class='ocrx_word' id='word_1_187' title='bbox 1302 3669 1340 3730; x_wconf 89' lang='lat' dir='ltr'>de</span> 
     </span>
    </p>
   </div>
   <div class='ocr_carea' id='block_1_9' title="bbox 280 3791 1341 3878">
    <p class='ocr_par' dir='ltr' id='par_1_10' title="bbox 280 3791 1341 3878">
     <span class='ocr_line' id='line_1_27' title="bbox 280 3791 1341 3878; baseline -0.001 -22"><span class='ocrx_word' id='word_1_188' title='bbox 280 3794 424 3856; x_wconf 79' lang='lat' dir='ltr'>acumine</span> <span class='ocrx_word' id='word_1_189' title='bbox 447 3799 548 3877; x_wconf 83' lang='lat' dir='ltr'>poetae</span> <span class='ocrx_word' id='word_1_190' title='bbox 574 3796 652 3858; x_wconf 90' lang='lat' dir='ltr'>dicit</span> <span class='ocrx_word' id='word_1_191' title='bbox 674 3818 736 3860; x_wconf 88' lang='lat' dir='ltr'>non</span> <span class='ocrx_word' id='word_1_192' title='bbox 760 3795 945 3877; x_wconf 82' lang='lat' dir='ltr'>comprob03</span> <span class='ocrx_word' id='word_1_193' title='bbox 970 3795 1098 3857; x_wconf 91' lang='lat' dir='ltr'>omnino</span> <span class='ocrx_word' id='word_1_194' title='bbox 1118 3791 1341 3878; x_wconf 84' lang='lat' dir='ltr'>Bergmueller</span> 
     </span>
    </p>
   </div>
   <div class='ocr_carea' id='block_1_10' title="bbox 388 4041 792 4202">
    <p class='ocr_par' dir='ltr' id='par_1_11' title="bbox 388 4041 792 4202">
     <span class='ocr_line' id='line_1_28' title="bbox 389 4041 792 4112; baseline 0 -16"><span class='ocrx_word' id='word_1_195' title='bbox 389 4041 408 4108; x_wconf 85' lang='lat'>¹)</span> <span class='ocrx_word' id='word_1_196' title='bbox 429 4043 609 4097; x_wconf 77' lang='lat' dir='ltr'>Banaudnnns</span> <span class='ocrx_word' id='word_1_197' title='bbox 627 4043 646 4095; x_wconf 92' lang='lat' dir='ltr'>l.</span> <span class='ocrx_word' id='word_1_198' title='bbox 665 4043 683 4096; x_wconf 94' lang='lat' dir='ltr'>l.</span> <span class='ocrx_word' id='word_1_199' title='bbox 703 4062 730 4112; x_wconf 90' lang='lat' dir='ltr'>p.</span> <span class='ocrx_word' id='word_1_200' title='bbox 751 4043 792 4097; x_wconf 80' lang='lat'>32.</span> 
     </span>
     <span class='ocr_line' id='line_1_29' title="bbox 388 4129 576 4202; baseline -0.011 -16"><span class='ocrx_word' id='word_1_201' title='bbox 388 4129 576 4202; x_wconf 51' lang='lat' dir='ltr'>Ufflpffi</span> 
     </span>
    </p>
   </div>
   <div class='ocr_carea' id='block_1_11' title="bbox 0 0 1470 4836">
    <p class='ocr_par' dir='ltr' id='par_1_12' title="bbox 0 0 1470 4836">
     <span class='ocr_line' id='line_1_30' title="bbox 0 0 1470 4836; baseline 0 0"><span class='ocrx_word' id='word_1_202' title='bbox 0 0 1470 4836; x_wconf 95' lang='lat' dir='ltr'> </span> 
     </span>
    </p>
   </div>
  </div>
 </body>
</html>
