2930 4836
689 443 889 540 1-132-
989 537 991 540 Ι

262 640 313 682 me
360 619 507 684 audacior
551 620 642 683 illum
679 641 805 682 versum
835 617 1011 682 *restituere
1051 621 1180 681 conatus
1220 621 1268 681 est
1297 616 1323 688 l.

262 740 293 806 ls
316 743 413 828 legit:

367 939 436 975 nam
460 918 593 993 quisquis
618 918 718 996 magni
742 936 844 976 census
868 917 1009 994 praecepit
1033 937 1163 976 amorem

369 1027 399 1082 et
421 1025 496 1083 laevo
520 1025 635 1083 monitu
659 1044 765 1099 pueros
790 1025 927 1100 producit
951 1043 1054 1082 avaros

370 1134 400 1188 et
424 1131 475 1205 qui
498 1151 551 1206 per
574 1132 693 1189 fraudes
717 1131 896 1206 patrimonia
921 1131 1128 1206 conduplicare

370 1257 429 1296 non
452 1241 601 1296 metuant:
625 1238 740 1296 iuvenis
764 1257 878 1313 semper
902 1238 941 1296 sio
965 1239 1069 1297 doctus
1093 1238 1175 1312 equis
1199 1255 1267 1296 mox

369 1345 421 1402 dat
443 1345 612 1403 libertatem
637 1348 667 1402 et
689 1348 768 1404 totas
793 1345 918 1403 effundit
940 1345 1069 1402 habenas

338 1501 341 1506 .
369 1451 533 1521 cur1·iculo;
559 1471 647 1526 quem
670 1450 694 1509 si
715 1468 836 1509 revoces
860 1454 916 1509 cet.

369 1629 459 1706 Quod
494 1632 531 1694 de
567 1632 689 1694 insidiis
714 1633 899 1715 parentibus
924 1656 942 1695 a
966 1633 1039 1696 filiis
1063 1633 1182 1716 paratis
1207 1633 1323 1696 dicitur

262 1778 311 1818 vv.
349 1757 412 1819 250
448 1778 517 1838 sqq.
553 1757 730 1839 comparari
765 1760 870 1840 potest
897 1779 970 1820 cum
992 1754 1050 1821 VI.
1076 1757 1138 1824 629
1163 1779 1242 1841 sqq,
1266 1757 1323 1821 ubi

262 1880 415 1963 pericula,
451 1903 521 1963 quae
557 1881 632 1944 filiis
667 1882 862 1965 impendent,
898 1886 1109 1966 exponuntur.
1159 1879 1221 1977 Vr.
1258 1883 1320 1945 262

262 2027 331 2088 sqq.
369 2003 596 2069 a.Weidnero
630 2006 713 2070 male
739 2007 954 2090 explicantur:
979 2008 1052 2090 quid
1078 2007 1161 2070 ludis
1185 2007 1321 2084 intensio,

262 2151 335 2192 cum
369 2134 424 2192 tua
459 2130 590 2215 negotia
612 2131 712 2215 pluris
737 2132 857 2195 facias?
892 2130 1058 2196 Sententia
1082 2135 1143 2196 est:
1169 2132 1224 2216 qui
1248 2154 1322 2194 ava-

261 2276 370 2316 rorum
395 2254 557 2318 hominum
581 2257 695 2320 ardens
719 2257 859 2320 studium
882 2257 1126 2341 contemplatur,
1150 2257 1176 2319 is
1192 2257 1274 2320 ludis
1291 2259 1322 2319 et

259 2377 396 2445 ,theatris
420 2400 528 2443 carere
552 2381 647 2444 facile
671 2385 786 2464 potest.

373 2607 391 2676 ¹)
412 2611 526 2664 Scirona:
556 2610 656 2675 Quaesc
676 2611 800 2664 Iuvenal.
820 2609 914 2679 capita
933 2610 997 2664 tria.
1034 2611 1122 2666 Berol.
1146 2611 1222 2665 1885.
1243 2679 1245 2683 ι
