2916 4834
556 483 596 490 -
623 447 663 510 75
690 481 730 490 -

102 624 164 690 ufr
188 625 286 690 etiam
309 623 349 688 X.
376 625 416 689 97
740 616 745 632 ⁸
894 571 906 678 ὶΙ

320 792 371 850 sed
395 809 462 866 quae
485 792 630 866 praeclara
654 794 684 848 et
707 805 848 866 prospera
873 787 958 858 tanti,

256 902 291 956 ut
314 899 403 956 rebus
426 898 502 956 laetis
526 917 581 973 par
605 898 644 956 sit
666 917 805 956 mensura
828 881 997 957 malorutn‘?

105 1052 274 1116 Addamus
298 1075 362 1116 non
386 1075 464 1132 esse,
490 1074 546 1116 our
569 1051 767 1116 stomachum
789 1053 880 1116 nobis
902 1044 1051 1118 moveant
1066 1055 1175 1132 verba,

102 1200 179 1261 quae
203 1181 277 1241 sunt
299 1178 440 1260 septenis
463 1177 560 1242 horis,
606 1174 682 1241 Non
705 1178 790 1241 enim
812 1177 865 1241 hie
882 1178 1065 1264 significant
1082 1177 1175 1242 unius
1206 1237 1214 1254 ,
1295 1253 1299 1261 ¹

102 1302 190 1366 horae
215 1303 318 1385 spatio
342 1303 497 1366 maiorem
521 1302 584 1366 diei
606 1306 742 1385 partem,
767 1306 802 1366 ut
825 1300 1021 1368 Ribbeskius
1036 1303 1170 1382 iocatur,

103 1427 163 1491 sed
197 1427 417 1491 tantummodo
451 1427 606 1491 maiorem
640 1429 766 1510 partem
801 1427 1019 1510 (Heinriahius
1050 1428 1117 1502 1.,1.
1141 1451 1174 1511 p.

103 1550 195 1634 238),
231 1553 264 1616 id
299 1553 384 1635 quod
417 1553 517 1634 probe
548 1552 608 1615 soit
636 1552 690 1615 ille
715 1552 854 1635 quidem,
879 1515 1070 1636 queiuquam
1094 1552 1175 1617 obli-

107 1677 236 1741 vionem
259 1677 410 1740 simulare
434 1677 567 1741 mavult.

216 1801 337 1866 Versus
363 1803 426 1865 184
979 1771 994 1860 e

134 2014 137 2020 .
201 1969 340 2044 quaedam
362 1988 455 2044 parva
480 1967 599 2043 quidem
623 1968 674 2025 sed
697 1987 756 2026 non
779 1967 934 2026 toleranda
957 1955 1071 2031 metitis

102 2123 331 2188 transitionem
366 2122 463 2185 efficit
494 2123 534 2187 ad
565 2144 612 2200 ea,
637 2144 707 2204 quae
732 2126 917 2205 sequuntur,
941 2122 1062 2200 minora
1085 2121 1175 2200 vitia,

103 2248 277 2330 quem‘ad
311 2247 441 2311 modum
471 2247 505 2310 in
522 2247 630 2335 tertia
653 2247 752 2310 satira
774 2250 870 2329 poeta
893 2211 1102 2310 variisurbis
1126 2246 1176 2308 in-

101 2372 279 2436 commodis
304 2371 496 2440 enumeratis
522 2372 561 2436 ad
585 2374 692 2434 cetera
714 2371 830 2434 transit
853 2394 882 2436 v.
908 2372 971 2434 268
1006 2399 1009 2405 ·

213 2537 325 2613 respice
349 2555 428 2595 nuno
452 2537 509 2594 alia
534 2555 567 2595 ao
592 2537 707 2596 diversa
730 2537 862 2612 pericula
886 2537 990 2596 noetis.

103 2691 167 2757 cfr
190 2688 461 2756 VIII.·183-84

214 2857 286 2932 quid
310 2857 334 2915 si
357 2877 521 2932 numquam
545 2858 620 2916 adeo
641 2857 727 2916 fredis
752 2857 884 2932 adeoque
907 2857 1051 2933 pudendis
1159 2920 1162 2926 ,

215 2964 330 3022 utimur
354 2965 503 3040 exemplis,
528 2967 564 3022 ut
586 2983 646 3022 non
668 2965 770 3040 peiora
794 2964 964 3039 supersint?

105 3118 173 3184 Vix
207 3139 286 3201 opus
322 3123 370 3183 est
405 3119 520 3196 dicere,
555 3118 638 3182 hanc
669 3119 890 3182 transitionem
915 3115 986 3200 (VI.
1013 3116 1090 3198 184)
1113 3139 1178 3181 non

105 3265 223 3330 cogere
246 3246 375 3326 poetam
397 3265 498 3326 parva
520 3247 645 3307 tautum
668 3243 747 3307 vitia
770 3265 869 3326 usque
894 3244 933 3306 ad
955 3243 1052 3306 finem
1067 3242 1176 3306 satirae

106 3368 245 3432 adferre.
291 3367 446 3431 Videmus
471 3390 543 3432 eum
566 3369 600 3431 in
623 3368 671 3446 iis,
696 3390 767 3451 quae
792 3371 976 3450 sequuntur,
1001 3368 1093 3431 modo
1114 3367 1176 3430 mi·
1209 3437 1214 3442 ,

105 3515 186 3558 nora
209 3494 301 3558 modo
324 3493 473 3578 graviora
496 3493 689 3577 patefacere,
714 3493 770 3556 sed
792 3496 901 3555 tamen
917 3491 973 3570 ita,
990 3495 1026 3556 ut
1037 3491 1176 3574 pessima

107 3641 222 3682 eorum
244 3620 278 3682 in
302 3622 447 3682 extrema
470 3618 569 3681 satira
594 3617 736 3682 collocet.

218 3743 385 3807 Eiusmodi
408 3765 509 3826 parva
532 3742 612 3806 vitia
636 3746 709 3805 sunt
733 3765 761 3806 e.
785 3764 835 3827 gr.
858 3742 1030 3806 adfectatio
1047 3741 1181 3805 ridicula

105 3869 281 3954 gimundi,
315 3868 421 3933 litium
445 3889 542 3948 amor,
568 3868 754 3931 exercitatio
779 3890 948 3932 armorum.
995 3865 1057 3932 Sed
1081 3867 1180 3935 etiam

104 3992 172 4056 alia
206 3992 418 4070 nominantur,
453 4014 523 4075 quae
560 3995 654 4076 poeta
687 3993 755 4056 sine
780 3992 875 4056 dubio
897 4015 997 4075 parva
1020 4014 1084 4056 non
1109 3990 1180 4054 vult

106 4116 286 4200 appellare,
321 4121 357 4180 ut
392 4139 439 4196 ea,
475 4137 545 4199 quae
575 4119 648 4180 sunt
671 4140 722 4180 vv.
747 4118 822 4196 224,
848 4117 911 4181 279
936 4115 977 4180 al.
1024 4115 1086 4180 Sed
1109 4115 1180 4198 quis
