<?xml version="1.0" encoding="UTF-8"?>
<!DOCTYPE html PUBLIC "-//W3C//DTD XHTML 1.0 Transitional//EN"
    "http://www.w3.org/TR/xhtml1/DTD/xhtml1-transitional.dtd">
<html xmlns="http://www.w3.org/1999/xhtml" xml:lang="en" lang="en">
 <head>
  <title>
</title>
<meta http-equiv="Content-Type" content="text/html;charset=utf-8" />
  <meta name='ocr-system' content='tesseract 3.04.00' />
  <meta name='ocr-capabilities' content='ocr_page ocr_carea ocr_par ocr_line ocrx_word'/>
</head>
<body>
  <div class='ocr_page' id='page_1' title='image "./deargumentidisp00grylgoog_0022.png"; bbox 0 0 2916 4834; ppageno 0'>
   <div class='ocr_carea' id='block_1_1' title="bbox 585 433 759 498">
    <p class='ocr_par' dir='ltr' id='par_1_1' title="bbox 585 433 759 498">
     <span class='ocr_line' id='line_1_1' title="bbox 585 433 759 498; baseline 0 -20"><span class='ocrx_word' id='word_1_1' title='bbox 585 433 759 498; x_wconf 64' lang='lat'>„15-</span> 
     </span>
    </p>
   </div>
   <div class='ocr_carea' id='block_1_2' title="bbox 141 613 1213 2083">
    <p class='ocr_par' dir='ltr' id='par_1_2' title="bbox 142 613 1213 807">
     <span class='ocr_line' id='line_1_2' title="bbox 142 613 1213 700; baseline -0.006 -18"><span class='ocrx_word' id='word_1_2' title='bbox 142 640 208 682; x_wconf 93' lang='lat' dir='ltr'>non</span> <span class='ocrx_word' id='word_1_3' title='bbox 231 636 335 700; x_wconf 87' lang='lat' dir='ltr'>posse,</span> <span class='ocrx_word' id='word_1_4' title='bbox 368 618 404 678; x_wconf 91' lang='lat' dir='ltr'>ut</span> <span class='ocrx_word' id='word_1_5' title='bbox 427 614 565 698; x_wconf 87' lang='lat' dir='ltr'>aequales</span> <span class='ocrx_word' id='word_1_6' title='bbox 588 617 660 696; x_wconf 87' lang='lat' dir='ltr'>post</span> <span class='ocrx_word' id='word_1_7' title='bbox 681 617 815 678; x_wconf 89' lang='lat' dir='ltr'>mortem</span> <span class='ocrx_word' id='word_1_8' title='bbox 839 614 879 677; x_wconf 93' lang='lat' dir='ltr'>ad</span> <span class='ocrx_word' id='word_1_9' title='bbox 902 615 1030 678; x_wconf 85' lang='lat' dir='ltr'>umbras</span> <span class='ocrx_word' id='word_1_10' title='bbox 1053 613 1213 678; x_wconf 88' lang='lat' dir='ltr'>maiorum.</span> 
     </span>
     <span class='ocr_line' id='line_1_3' title="bbox 142 741 504 807; baseline -0.008 0"><span class='ocrx_word' id='word_1_11' title='bbox 142 743 334 807; x_wconf 80' lang='lat' dir='ltr'>descendere</span> <span class='ocrx_word' id='word_1_12' title='bbox 358 741 504 804; x_wconf 88' lang='lat' dir='ltr'>audeant.</span> 
     </span>
    </p>

    <p class='ocr_par' dir='ltr' id='par_1_3' title="bbox 141 865 1209 1075">
     <span class='ocr_line' id='line_1_4' title="bbox 248 865 1209 950; baseline -0.002 -18"><span class='ocrx_word' id='word_1_13' title='bbox 248 865 403 932; x_wconf 86' lang='lat' dir='ltr'>Videmus</span> <span class='ocrx_word' id='word_1_14' title='bbox 420 867 553 929; x_wconf 86' lang='lat' dir='ltr'>satiram</span> <span class='ocrx_word' id='word_1_15' title='bbox 567 865 693 950; x_wconf 83' lang='lat' dir='ltr'>insigne</span> <span class='ocrx_word' id='word_1_16' title='bbox 710 866 936 928; x_wconf 74' lang='lat' dir='ltr'>documentum</span> <span class='ocrx_word' id='word_1_17' title='bbox 948 887 1015 928; x_wconf 89' lang='lat' dir='ltr'>esse</span> <span class='ocrx_word' id='word_1_18' title='bbox 1030 865 1209 949; x_wconf 82' lang='lat' dir='ltr'>disciplinae</span> 
     </span>
     <span class='ocr_line' id='line_1_5' title="bbox 141 989 1060 1075; baseline -0.002 -19"><span class='ocrx_word' id='word_1_19' title='bbox 141 991 319 1070; x_wconf 69' lang='lat' dir='ltr'>rhetoricae,</span> <span class='ocrx_word' id='word_1_20' title='bbox 343 1012 447 1074; x_wconf 89' lang='lat' dir='ltr'>neque</span> <span class='ocrx_word' id='word_1_21' title='bbox 471 1011 574 1054; x_wconf 89' lang='lat' dir='ltr'>sermo</span> <span class='ocrx_word' id='word_1_22' title='bbox 599 991 666 1054; x_wconf 88' lang='lat' dir='ltr'>eius</span> <span class='ocrx_word' id='word_1_23' title='bbox 688 989 739 1054; x_wconf 88' lang='lat' dir='ltr'>his</span> <span class='ocrx_word' id='word_1_24' title='bbox 762 991 868 1054; x_wconf 85' lang='lat' dir='ltr'>verbis</span> <span class='ocrx_word' id='word_1_25' title='bbox 891 994 1060 1075; x_wconf 83' lang='lat' dir='ltr'>repugnat.</span> 
     </span>
    </p>

    <p class='ocr_par' dir='ltr' id='par_1_4' title="bbox 142 1111 1213 2083">
     <span class='ocr_line' id='line_1_6' title="bbox 250 1111 1211 1198; baseline -0.001 -18"><span class='ocrx_word' id='word_1_26' title='bbox 250 1115 367 1192; x_wconf 81' lang='lat' dir='ltr'>Quodsi</span> <span class='ocrx_word' id='word_1_27' title='bbox 390 1116 424 1179; x_wconf 92' lang='lat' dir='ltr'>in</span> <span class='ocrx_word' id='word_1_28' title='bbox 437 1115 547 1178; x_wconf 84' lang='lat' dir='ltr'>satira</span> <span class='ocrx_word' id='word_1_29' title='bbox 570 1111 604 1178; x_wconf 89' lang='grc' dir='ltr'>ΙΙ</span> <span class='ocrx_word' id='word_1_30' title='bbox 625 1115 845 1179; x_wconf 86' lang='lat' dir='ltr'>tantummodo</span> <span class='ocrx_word' id='word_1_31' title='bbox 868 1115 1008 1178; x_wconf 82' lang='lat' dir='ltr'>virorum</span> <span class='ocrx_word' id='word_1_32' title='bbox 1031 1115 1111 1180; x_wconf 86' lang='lat' dir='ltr'>vitia</span> <span class='ocrx_word' id='word_1_33' title='bbox 1133 1137 1211 1198; x_wconf 87' lang='lat' dir='ltr'>per-</span> 
     </span>
     <span class='ocr_line' id='line_1_7' title="bbox 142 1236 1212 1326; baseline -0.002 -21"><span class='ocrx_word' id='word_1_34' title='bbox 142 1241 261 1326; x_wconf 80' lang='lat' dir='ltr'>stringi</span> <span class='ocrx_word' id='word_1_35' title='bbox 292 1241 426 1304; x_wconf 86' lang='lat' dir='ltr'>dicimus</span> <span class='ocrx_word' id='word_1_36' title='bbox 453 1257 516 1304; x_wconf 88' lang='lat' dir='ltr'>non</span> <span class='ocrx_word' id='word_1_37' title='bbox 540 1239 645 1304; x_wconf 88' lang='lat' dir='ltr'>omnia</span> <span class='ocrx_word' id='word_1_38' title='bbox 668 1239 812 1302; x_wconf 91' lang='lat' dir='ltr'>dicimus.</span> <span class='ocrx_word' id='word_1_39' title='bbox 859 1236 939 1303; x_wconf 84' lang='lat' dir='ltr'>Sunt</span> <span class='ocrx_word' id='word_1_40' title='bbox 963 1239 1048 1303; x_wconf 90' lang='lat' dir='ltr'>enim</span> <span class='ocrx_word' id='word_1_41' title='bbox 1070 1241 1212 1325; x_wconf 81' lang='lat' dir='ltr'>vestigia</span> 
     </span>
     <span class='ocr_line' id='line_1_8' title="bbox 144 1360 1208 1447; baseline -0.001 -17"><span class='ocrx_word' id='word_1_42' title='bbox 144 1367 313 1430; x_wconf 84' lang='lat' dir='ltr'>admodum</span> <span class='ocrx_word' id='word_1_43' title='bbox 335 1363 513 1444; x_wconf 85' lang='lat' dir='ltr'>manifesta,</span> <span class='ocrx_word' id='word_1_44' title='bbox 538 1365 715 1447; x_wconf 83' lang='lat' dir='ltr'>exquibus</span> <span class='ocrx_word' id='word_1_45' title='bbox 739 1367 893 1447; x_wconf 87' lang='lat' dir='ltr'>appareat</span> <span class='ocrx_word' id='word_1_46' title='bbox 916 1360 1109 1444; x_wconf 81' lang='lat' dir='ltr'>Iuvenalem,</span> <span class='ocrx_word' id='word_1_47' title='bbox 1134 1387 1208 1429; x_wconf 91' lang='lat' dir='ltr'>cum</span> 
     </span>
     <span class='ocr_line' id='line_1_9' title="bbox 144 1487 1211 1566; baseline 0 -13"><span class='ocrx_word' id='word_1_48' title='bbox 144 1491 227 1554; x_wconf 86' lang='lat' dir='ltr'>hanc</span> <span class='ocrx_word' id='word_1_49' title='bbox 250 1490 383 1553; x_wconf 89' lang='lat' dir='ltr'>satiram</span> <span class='ocrx_word' id='word_1_50' title='bbox 406 1489 569 1566; x_wconf 85' lang='lat' dir='ltr'>scriberet,</span> <span class='ocrx_word' id='word_1_51' title='bbox 594 1489 692 1552; x_wconf 86' lang='lat' dir='ltr'>etiam</span> <span class='ocrx_word' id='word_1_52' title='bbox 714 1487 883 1551; x_wconf 85' lang='lat' dir='ltr'>mulierum</span> <span class='ocrx_word' id='word_1_53' title='bbox 906 1489 1098 1553; x_wconf 89' lang='lat' dir='ltr'>meminisse.</span> <span class='ocrx_word' id='word_1_54' title='bbox 1145 1489 1211 1553; x_wconf 89' lang='lat' dir='ltr'>La·</span> 
     </span>
     <span class='ocr_line' id='line_1_10' title="bbox 143 1611 1210 1696; baseline 0.001 -19"><span class='ocrx_word' id='word_1_55' title='bbox 143 1613 235 1677; x_wconf 91' lang='lat' dir='ltr'>ronia</span> <span class='ocrx_word' id='word_1_56' title='bbox 258 1614 339 1677; x_wconf 87' lang='lat' dir='ltr'>iram</span> <span class='ocrx_word' id='word_1_57' title='bbox 361 1613 396 1676; x_wconf 91' lang='lat' dir='ltr'>in</span> <span class='ocrx_word' id='word_1_58' title='bbox 418 1613 502 1676; x_wconf 85' lang='lat' dir='ltr'>viros</span> <span class='ocrx_word' id='word_1_59' title='bbox 525 1612 664 1676; x_wconf 84' lang='lat' dir='ltr'>nefarios</span> <span class='ocrx_word' id='word_1_60' title='bbox 688 1611 823 1675; x_wconf 88' lang='lat' dir='ltr'>effundit</span> <span class='ocrx_word' id='word_1_61' title='bbox 846 1615 878 1675; x_wconf 87' lang='lat' dir='ltr'>et</span> <span class='ocrx_word' id='word_1_62' title='bbox 893 1616 979 1676; x_wconf 88' lang='lat' dir='ltr'>recte</span> <span class='ocrx_word' id='word_1_63' title='bbox 996 1612 1053 1676; x_wconf 86' lang='lat' dir='ltr'>illa</span> <span class='ocrx_word' id='word_1_64' title='bbox 1069 1612 1210 1696; x_wconf 85' lang='lat' dir='ltr'>quidem,</span> 
     </span>
     <span class='ocr_line' id='line_1_11' title="bbox 145 1735 1213 1821; baseline -0.001 -20"><span class='ocrx_word' id='word_1_65' title='bbox 145 1737 297 1821; x_wconf 90' lang='lat' dir='ltr'>quoniam</span> <span class='ocrx_word' id='word_1_66' title='bbox 328 1737 408 1801; x_wconf 85' lang='lat' dir='ltr'>vitia</span> <span class='ocrx_word' id='word_1_67' title='bbox 436 1758 498 1799; x_wconf 91' lang='lat' dir='ltr'>non</span> <span class='ocrx_word' id='word_1_68' title='bbox 522 1735 625 1820; x_wconf 86' lang='lat' dir='ltr'>fingit,</span> <span class='ocrx_word' id='word_1_69' title='bbox 649 1757 725 1799; x_wconf 86' lang='lat' dir='ltr'>vera</span> <span class='ocrx_word' id='word_1_70' title='bbox 748 1739 915 1813; x_wconf 86' lang='lat' dir='ltr'>monstrat;</span> <span class='ocrx_word' id='word_1_71' title='bbox 941 1737 997 1800; x_wconf 89' lang='lat' dir='ltr'>sed</span> <span class='ocrx_word' id='word_1_72' title='bbox 1019 1738 1118 1801; x_wconf 88' lang='lat' dir='ltr'>verba</span> <span class='ocrx_word' id='word_1_73' title='bbox 1141 1738 1213 1802; x_wconf 86' lang='lat' dir='ltr'>eius</span> 
     </span>
     <span class='ocr_line' id='line_1_12' title="bbox 145 1833 1213 1945; baseline -0.002 -19"><span class='ocrx_word' id='word_1_74' title='bbox 145 1863 229 1926; x_wconf 87' lang='lat' dir='ltr'>irata</span> <span class='ocrx_word' id='word_1_75' title='bbox 252 1860 347 1944; x_wconf 89' lang='lat' dir='ltr'>paulo</span> <span class='ocrx_word' id='word_1_76' title='bbox 364 1860 550 1945; x_wconf 84' lang='lat' dir='ltr'>diligentius</span> <span class='ocrx_word' id='word_1_77' title='bbox 567 1860 778 1924; x_wconf 87' lang='lat' dir='ltr'>attendamus.</span> <span class='ocrx_word' id='word_1_78' title='bbox 817 1859 893 1924; x_wconf 83' lang='lat' dir='ltr'>Post</span> <span class='ocrx_word' id='word_1_79' title='bbox 908 1833 1123 1944; x_wconf 85' lang='lat' dir='ltr'>querimonias</span> <span class='ocrx_word' id='word_1_80' title='bbox 1135 1883 1213 1926; x_wconf 88' lang='lat' dir='ltr'>suas</span> 
     </span>
     <span class='ocr_line' id='line_1_13' title="bbox 146 1983 1101 2083; baseline 0.002 -33"><span class='ocrx_word' id='word_1_81' title='bbox 146 1987 187 2050; x_wconf 88' lang='lat' dir='ltr'>de</span> <span class='ocrx_word' id='word_1_82' title='bbox 209 2008 328 2083; x_wconf 81' lang='lat' dir='ltr'>magna</span> <span class='ocrx_word' id='word_1_83' title='bbox 350 1985 434 2049; x_wconf 90' lang='lat' dir='ltr'>inter</span> <span class='ocrx_word' id='word_1_84' title='bbox 456 1983 567 2049; x_wconf 87' lang='lat' dir='ltr'>molles</span> <span class='ocrx_word' id='word_1_85' title='bbox 591 1985 757 2048; x_wconf 90' lang='lat' dir='ltr'>concordia</span> <span class='ocrx_word' id='word_1_86' title='bbox 780 1983 839 2048; x_wconf 91' lang='lat' dir='ltr'>hoc</span> <span class='ocrx_word' id='word_1_87' title='bbox 863 1986 957 2050; x_wconf 94' lang='lat' dir='ltr'>modo</span> <span class='ocrx_word' id='word_1_88' title='bbox 979 1987 1101 2070; x_wconf 87' lang='lat' dir='ltr'>pergit:</span> 
     </span>
    </p>
   </div>
   <div class='ocr_carea' id='block_1_3' title="bbox 255 2187 1092 2459">
    <p class='ocr_par' dir='ltr' id='par_1_5' title="bbox 255 2187 1092 2459">
     <span class='ocr_line' id='line_1_14' title="bbox 793 2187 1051 2246; baseline 0.012 -3"><span class='ocrx_word' id='word_1_89' title='bbox 793 2205 852 2245; x_wconf 92' lang='lat' dir='ltr'>non</span> <span class='ocrx_word' id='word_1_90' title='bbox 876 2187 933 2244; x_wconf 91' lang='lat' dir='ltr'>erit</span> <span class='ocrx_word' id='word_1_91' title='bbox 955 2189 1051 2246; x_wconf 91' lang='lat' dir='ltr'>ullum</span> 
     </span>
     <span class='ocr_line' id='line_1_15' title="bbox 255 2294 986 2386; baseline -0.001 -34"><span class='ocrx_word' id='word_1_92' title='bbox 255 2295 422 2369; x_wconf 85' lang='lat' dir='ltr'>exemplum</span> <span class='ocrx_word' id='word_1_93' title='bbox 444 2294 475 2352; x_wconf 90' lang='lat' dir='ltr'>in</span> <span class='ocrx_word' id='word_1_94' title='bbox 498 2295 600 2352; x_wconf 88' lang='lat' dir='ltr'>nostro</span> <span class='ocrx_word' id='word_1_95' title='bbox 623 2296 686 2351; x_wconf 89' lang='lat' dir='ltr'>tam</span> <span class='ocrx_word' id='word_1_96' title='bbox 707 2294 882 2351; x_wconf 85' lang='lat' dir='ltr'>detestabile</span> <span class='ocrx_word' id='word_1_97' title='bbox 906 2312 986 2386; x_wconf 80' lang='lat' dir='ltr'>sexu.</span> 
     </span>
     <span class='ocr_line' id='line_1_16' title="bbox 255 2399 1092 2459; baseline 0.001 -1"><span class='ocrx_word' id='word_1_98' title='bbox 255 2401 350 2459; x_wconf 86' lang='lat' dir='ltr'>Vedia</span> <span class='ocrx_word' id='word_1_99' title='bbox 373 2419 433 2459; x_wconf 94' lang='lat' dir='ltr'>non</span> <span class='ocrx_word' id='word_1_100' title='bbox 455 2400 562 2458; x_wconf 79' lang='lat' dir='ltr'>lambit</span> <span class='ocrx_word' id='word_1_101' title='bbox 585 2399 721 2459; x_wconf 77' lang='lat' dir='ltr'>Cluviam</span> <span class='ocrx_word' id='word_1_102' title='bbox 744 2419 797 2458; x_wconf 90' lang='lat' dir='ltr'>nec</span> <span class='ocrx_word' id='word_1_103' title='bbox 820 2400 909 2458; x_wconf 87' lang='lat' dir='ltr'>Flora</span> <span class='ocrx_word' id='word_1_104' title='bbox 934 2399 1092 2459; x_wconf 77' lang='lat' dir='ltr'>Catullam.</span> 
     </span>
    </p>
   </div>
   <div class='ocr_carea' id='block_1_4' title="bbox 148 2608 1273 3687">
    <p class='ocr_par' dir='ltr' id='par_1_6' title="bbox 148 2608 1215 3068">
     <span class='ocr_line' id='line_1_17' title="bbox 254 2608 1214 2695; baseline 0.003 -23"><span class='ocrx_word' id='word_1_105' title='bbox 254 2608 378 2672; x_wconf 84' lang='lat' dir='ltr'>Praeter</span> <span class='ocrx_word' id='word_1_106' title='bbox 399 2611 490 2673; x_wconf 86' lang='lat' dir='ltr'>vetus</span> <span class='ocrx_word' id='word_1_107' title='bbox 514 2608 603 2687; x_wconf 88' lang='lat' dir='ltr'>illud,</span> <span class='ocrx_word' id='word_1_108' title='bbox 627 2608 780 2672; x_wconf 86' lang='lat' dir='ltr'>feminam</span> <span class='ocrx_word' id='word_1_109' title='bbox 793 2608 998 2678; x_wconf 85' lang='lat' dir='ltr'>libidinosam</span> <span class='ocrx_word' id='word_1_110' title='bbox 1013 2609 1099 2674; x_wconf 86' lang='lat' dir='ltr'>vitiis</span> <span class='ocrx_word' id='word_1_111' title='bbox 1115 2610 1214 2695; x_wconf 84' lang='lat' dir='ltr'>longe</span> 
     </span>
     <span class='ocr_line' id='line_1_18' title="bbox 149 2733 1214 2818; baseline 0 -20"><span class='ocrx_word' id='word_1_112' title='bbox 149 2733 340 2798; x_wconf 86' lang='lat' dir='ltr'>antecellere</span> <span class='ocrx_word' id='word_1_113' title='bbox 366 2734 462 2798; x_wconf 88' lang='lat' dir='ltr'>etiam</span> <span class='ocrx_word' id='word_1_114' title='bbox 485 2733 631 2818; x_wconf 87' lang='lat' dir='ltr'>pessimis</span> <span class='ocrx_word' id='word_1_115' title='bbox 654 2733 740 2810; x_wconf 77' lang='lat' dir='ltr'>viria,</span> <span class='ocrx_word' id='word_1_116' title='bbox 766 2733 1017 2804; x_wconf 84' lang='lat' dir='ltr'>animadvertere</span> <span class='ocrx_word' id='word_1_117' title='bbox 1034 2756 1214 2817; x_wconf 85' lang='lat' dir='ltr'>possumus,</span> 
     </span>
     <span class='ocr_line' id='line_1_19' title="bbox 149 2854 1215 2941; baseline 0.003 -22"><span class='ocrx_word' id='word_1_118' title='bbox 149 2854 334 2922; x_wconf 84' lang='lat' dir='ltr'>Iuvenalem</span> <span class='ocrx_word' id='word_1_119' title='bbox 356 2858 463 2941; x_wconf 87' lang='lat' dir='ltr'>ipsum</span> <span class='ocrx_word' id='word_1_120' title='bbox 485 2859 518 2921; x_wconf 91' lang='lat' dir='ltr'>in</span> <span class='ocrx_word' id='word_1_121' title='bbox 540 2857 601 2921; x_wconf 86' lang='lat' dir='ltr'>hac</span> <span class='ocrx_word' id='word_1_122' title='bbox 625 2880 658 2921; x_wconf 91' lang='lat' dir='ltr'>re</span> <span class='ocrx_word' id='word_1_123' title='bbox 682 2879 746 2921; x_wconf 92' lang='lat' dir='ltr'>non</span> <span class='ocrx_word' id='word_1_124' title='bbox 768 2880 896 2941; x_wconf 92' lang='lat' dir='ltr'>prorsus</span> <span class='ocrx_word' id='word_1_125' title='bbox 920 2858 1005 2921; x_wconf 90' lang='lat' dir='ltr'>idem</span> <span class='ocrx_word' id='word_1_126' title='bbox 1029 2862 1124 2941; x_wconf 88' lang='lat' dir='ltr'>atque</span> <span class='ocrx_word' id='word_1_127' title='bbox 1148 2858 1215 2922; x_wconf 90' lang='lat' dir='ltr'>La-</span> 
     </span>
     <span class='ocr_line' id='line_1_20' title="bbox 148 2982 1159 3068; baseline 0.001 -22"><span class='ocrx_word' id='word_1_128' title='bbox 148 2982 272 3046; x_wconf 90' lang='lat' dir='ltr'>roniam</span> <span class='ocrx_word' id='word_1_129' title='bbox 295 2982 400 3046; x_wconf 86' lang='lat' dir='ltr'>facere</span> <span class='ocrx_word' id='word_1_130' title='bbox 423 2982 586 3061; x_wconf 88' lang='lat' dir='ltr'>iudicium,</span> <span class='ocrx_word' id='word_1_131' title='bbox 611 2983 755 3068; x_wconf 81' lang='lat' dir='ltr'>quamvis</span> <span class='ocrx_word' id='word_1_132' title='bbox 779 2982 809 3045; x_wconf 90' lang='lat' dir='ltr'>ei</span> <span class='ocrx_word' id='word_1_133' title='bbox 833 2983 981 3046; x_wconf 86' lang='lat' dir='ltr'>assentiri</span> <span class='ocrx_word' id='word_1_134' title='bbox 1003 2983 1159 3048; x_wconf 82' lang='lat' dir='ltr'>videatur.</span> 
     </span>
    </p>

    <p class='ocr_par' dir='ltr' id='par_1_7' title="bbox 149 3103 1273 3687">
     <span class='ocr_line' id='line_1_21' title="bbox 255 3103 1213 3184; baseline 0.002 -14"><span class='ocrx_word' id='word_1_135' title='bbox 255 3103 341 3170; x_wconf 89' lang='lat' dir='ltr'>Nam</span> <span class='ocrx_word' id='word_1_136' title='bbox 374 3105 450 3170; x_wconf 87' lang='lat' dir='ltr'>licet</span> <span class='ocrx_word' id='word_1_137' title='bbox 490 3107 588 3170; x_wconf 81' lang='lat' dir='ltr'>Vedio</span> <span class='ocrx_word' id='word_1_138' title='bbox 617 3128 678 3170; x_wconf 80' lang='lat' dir='ltr'>nou</span> <span class='ocrx_word' id='word_1_139' title='bbox 703 3111 774 3184; x_wconf 78' lang='lat' dir='ltr'>cet,</span> <span class='ocrx_word' id='word_1_140' title='bbox 798 3107 873 3170; x_wconf 93' lang='lat' dir='ltr'>licet</span> <span class='ocrx_word' id='word_1_141' title='bbox 897 3107 1013 3170; x_wconf 85' lang='lat' dir='ltr'>eximia</span> <span class='ocrx_word' id='word_1_142' title='bbox 1036 3107 1078 3171; x_wconf 92' lang='lat' dir='ltr'>sit</span> <span class='ocrx_word' id='word_1_143' title='bbox 1100 3107 1213 3172; x_wconf 83' lang='lat' dir='ltr'>Vediaa</span> 
     </span>
     <span class='ocr_line' id='line_1_22' title="bbox 149 3230 1214 3316; baseline 0.003 -22"><span class='ocrx_word' id='word_1_144' title='bbox 149 3230 316 3315; x_wconf 84' lang='lat' dir='ltr'>Floraeque</span> <span class='ocrx_word' id='word_1_145' title='bbox 349 3232 515 3314; x_wconf 82' lang='lat' dir='ltr'>pudicitia,</span> <span class='ocrx_word' id='word_1_146' title='bbox 549 3236 656 3295; x_wconf 90' lang='lat' dir='ltr'>tamen</span> <span class='ocrx_word' id='word_1_147' title='bbox 687 3231 867 3295; x_wconf 83' lang='lat' dir='ltr'>accidit-</span> <span class='ocrx_word' id='word_1_148' title='bbox 891 3232 997 3296; x_wconf 89' lang='lat' dir='ltr'>nescio</span> <span class='ocrx_word' id='word_1_149' title='bbox 1020 3255 1082 3316; x_wconf 91' lang='lat' dir='ltr'>quo</span> <span class='ocrx_word' id='word_1_150' title='bbox 1105 3233 1214 3316; x_wconf 92' lang='lat' dir='ltr'>iniquo</span> 
     </span>
     <span class='ocr_line' id='line_1_23' title="bbox 149 3353 1273 3438; baseline 0.001 -18"><span class='ocrx_word' id='word_1_151' title='bbox 149 3355 297 3420; x_wconf 85' lang='lat' dir='ltr'>Laroniae</span> <span class='ocrx_word' id='word_1_152' title='bbox 333 3377 408 3420; x_wconf 85' lang='lat' dir='ltr'>casu</span> <span class='ocrx_word' id='word_1_153' title='bbox 438 3391 479 3402; x_wconf 90' lang='lat'>-</span> <span class='ocrx_word' id='word_1_154' title='bbox 510 3360 546 3419; x_wconf 93' lang='lat' dir='ltr'>ut</span> <span class='ocrx_word' id='word_1_155' title='bbox 578 3353 738 3421; x_wconf 87' lang='lat' dir='ltr'>Iuvenalis</span> <span class='ocrx_word' id='word_1_156' title='bbox 763 3357 863 3420; x_wconf 90' lang='lat' dir='ltr'>etiam</span> <span class='ocrx_word' id='word_1_157' title='bbox 888 3378 958 3420; x_wconf 91' lang='lat' dir='ltr'>eam</span> <span class='ocrx_word' id='word_1_158' title='bbox 981 3357 1112 3420; x_wconf 89' lang='lat' dir='ltr'>satiram</span> <span class='ocrx_word' id='word_1_159' title='bbox 1135 3358 1214 3421; x_wconf 89' lang='lat' dir='ltr'>scri·</span> <span class='ocrx_word' id='word_1_160' title='bbox 1271 3431 1273 3438; x_wconf 45' lang='lat'>,</span> 
     </span>
     <span class='ocr_line' id='line_1_24' title="bbox 151 3480 1219 3565; baseline 0.001 -20"><span class='ocrx_word' id='word_1_161' title='bbox 151 3482 252 3560; x_wconf 89' lang='lat' dir='ltr'>beret,</span> <span class='ocrx_word' id='word_1_162' title='bbox 281 3503 351 3565; x_wconf 86' lang='lat' dir='ltr'>quae</span> <span class='ocrx_word' id='word_1_163' title='bbox 376 3485 467 3544; x_wconf 83' lang='lat' dir='ltr'>sexta</span> <span class='ocrx_word' id='word_1_164' title='bbox 489 3503 573 3545; x_wconf 88' lang='lat' dir='ltr'>nunc</span> <span class='ocrx_word' id='word_1_165' title='bbox 596 3481 630 3544; x_wconf 92' lang='lat' dir='ltr'>in</span> <span class='ocrx_word' id='word_1_166' title='bbox 654 3481 845 3545; x_wconf 90' lang='lat' dir='ltr'>editionibus</span> <span class='ocrx_word' id='word_1_167' title='bbox 868 3480 998 3565; x_wconf 83' lang='lat' dir='ltr'>legitur.</span> <span class='ocrx_word' id='word_1_168' title='bbox 1045 3481 1140 3546; x_wconf 80' lang='lat' dir='ltr'>Cuius</span> <span class='ocrx_word' id='word_1_169' title='bbox 1164 3504 1219 3546; x_wconf 88' lang='lat' dir='ltr'>sa-</span> 
     </span>
     <span class='ocr_line' id='line_1_25' title="bbox 149 3605 1216 3687; baseline 0.001 -17"><span class='ocrx_word' id='word_1_170' title='bbox 149 3606 221 3674; x_wconf 88' lang='lat' dir='ltr'>tirae</span> <span class='ocrx_word' id='word_1_171' title='bbox 245 3628 275 3671; x_wconf 82' lang='lat' dir='ltr'>v.</span> <span class='ocrx_word' id='word_1_172' title='bbox 301 3607 360 3672; x_wconf 88' lang='grc'>311</span> <span class='ocrx_word' id='word_1_173' title='bbox 380 3607 485 3676; x_wconf 80' lang='lat' dir='ltr'>,miras</span> <span class='ocrx_word' id='word_1_174' title='bbox 509 3627 584 3670; x_wconf 89' lang='lat' dir='ltr'>sanc</span> <span class='ocrx_word' id='word_1_175' title='bbox 608 3627 658 3670; x_wconf 85' lang='lat' dir='ltr'>res</span> <span class='ocrx_word' id='word_1_176' title='bbox 683 3607 720 3670; x_wconf 88' lang='lat' dir='ltr'>de</span> <span class='ocrx_word' id='word_1_177' title='bbox 746 3607 867 3671; x_wconf 88' lang='lat' dir='ltr'>duabus</span> <span class='ocrx_word' id='word_1_178' title='bbox 884 3607 1043 3671; x_wconf 88' lang='lat' dir='ltr'>sororibus</span> <span class='ocrx_word' id='word_1_179' title='bbox 1056 3605 1216 3687; x_wconf 86' lang='lat' dir='ltr'>Laroniae,</span> 
     </span>
    </p>
   </div>
   <div class='ocr_carea' id='block_1_5' title="bbox 150 3703 1289 4064">
    <p class='ocr_par' dir='ltr' id='par_1_8' title="bbox 150 3703 1289 4064">
     <span class='ocr_line' id='line_1_26' title="bbox 150 3703 1217 3816; baseline 0.003 -23"><span class='ocrx_word' id='word_1_180' title='bbox 150 3729 257 3794; x_wconf 83' lang='lat' dir='ltr'>Tullia</span> <span class='ocrx_word' id='word_1_181' title='bbox 291 3734 324 3794; x_wconf 90' lang='lat' dir='ltr'>et</span> <span class='ocrx_word' id='word_1_182' title='bbox 354 3731 477 3809; x_wconf 88' lang='lat' dir='ltr'>Maura,</span> <span class='ocrx_word' id='word_1_183' title='bbox 506 3735 616 3796; x_wconf 87' lang='lat' dir='ltr'>narrat</span> <span class='ocrx_word' id='word_1_184' title='bbox 638 3753 697 3794; x_wconf 91' lang='lat' dir='ltr'>nec</span> <span class='ocrx_word' id='word_1_185' title='bbox 719 3703 827 3796; x_wconf 41' lang='lat' dir='ltr'>multo.</span> <span class='ocrx_word' id='word_1_186' title='bbox 841 3731 1039 3816; x_wconf 90' lang='lat' dir='ltr'>pulchriores</span> <span class='ocrx_word' id='word_1_187' title='bbox 1063 3730 1147 3795; x_wconf 87' lang='lat' dir='ltr'>infra</span> <span class='ocrx_word' id='word_1_188' title='bbox 1171 3731 1217 3812; x_wconf 76' lang='lat' dir='ltr'>(v.</span> 
     </span>
     <span class='ocr_line' id='line_1_27' title="bbox 152 3821 1214 3937; baseline 0.001 -18"><span class='ocrx_word' id='word_1_189' title='bbox 152 3855 230 3937; x_wconf 81' lang='lat'>320)</span> <span class='ocrx_word' id='word_1_190' title='bbox 255 3856 293 3920; x_wconf 87' lang='lat' dir='ltr'>de</span> <span class='ocrx_word' id='word_1_191' title='bbox 317 3855 387 3920; x_wconf 89' lang='lat' dir='ltr'>aliis</span> <span class='ocrx_word' id='word_1_192' title='bbox 412 3857 544 3935; x_wconf 88' lang='lat' dir='ltr'>duabus,</span> <span class='ocrx_word' id='word_1_193' title='bbox 561 3854 690 3920; x_wconf 83' lang='lat' dir='ltr'>Saufeia</span> <span class='ocrx_word' id='word_1_194' title='bbox 714 3860 746 3919; x_wconf 90' lang='lat' dir='ltr'>et</span> <span class='ocrx_word' id='word_1_195' title='bbox 768 3856 955 3937; x_wconf 91' lang='lat' dir='ltr'>Medullina,</span> <span class='ocrx_word' id='word_1_196' title='bbox 979 3861 1015 3920; x_wconf 94' lang='lat' dir='ltr'>ut</span> <span class='ocrx_word' id='word_1_197' title='bbox 1038 3821 1151 3920; x_wconf 89' lang='lat' dir='ltr'>sileam</span> <span class='ocrx_word' id='word_1_198' title='bbox 1175 3856 1214 3920; x_wconf 91' lang='lat' dir='ltr'>de</span> 
     </span>
     <span class='ocr_line' id='line_1_28' title="bbox 151 3980 1289 4064; baseline 0.001 -20"><span class='ocrx_word' id='word_1_199' title='bbox 151 3980 191 4044; x_wconf 84' lang='lat' dir='ltr'>iis</span> <span class='ocrx_word' id='word_1_200' title='bbox 206 4001 291 4044; x_wconf 81' lang='lat' dir='ltr'>uerae</span> <span class='ocrx_word' id='word_1_201' title='bbox 307 3981 501 4045; x_wconf 87' lang='lat' dir='ltr'>innocentiae</span> <span class='ocrx_word' id='word_1_202' title='bbox 518 3980 682 4063; x_wconf 85' lang='lat' dir='ltr'>exemplis,</span> <span class='ocrx_word' id='word_1_203' title='bbox 702 4003 773 4064; x_wconf 85' lang='lat' dir='ltr'>quae</span> <span class='ocrx_word' id='word_1_204' title='bbox 790 4003 820 4046; x_wconf 88' lang='lat' dir='ltr'>v.</span> <span class='ocrx_word' id='word_1_205' title='bbox 838 3981 901 4046; x_wconf 81' lang='lat'>334</span> <span class='ocrx_word' id='word_1_206' title='bbox 919 4003 1130 4046; x_wconf 90' lang='lat' dir='ltr'>commemora</span> <span class='ocrx_word' id='word_1_207' title='bbox 1152 3985 1218 4045; x_wconf 75' lang='lat' dir='ltr'>tur.</span> <span class='ocrx_word' id='word_1_208' title='bbox 1286 4015 1289 4022; x_wconf 91' lang='lat'>·</span> 
     </span>
    </p>
   </div>
   <div class='ocr_carea' id='block_1_6' title="bbox 259 4105 1132 4191">
    <p class='ocr_par' dir='ltr' id='par_1_9' title="bbox 259 4105 1132 4191">
     <span class='ocr_line' id='line_1_29' title="bbox 259 4105 1132 4191; baseline 0.002 -23"><span class='ocrx_word' id='word_1_209' title='bbox 259 4105 397 4170; x_wconf 88' lang='lat' dir='ltr'>Laronia</span> <span class='ocrx_word' id='word_1_210' title='bbox 419 4106 529 4191; x_wconf 84' lang='lat' dir='ltr'>pergit</span> <span class='ocrx_word' id='word_1_211' title='bbox 552 4106 592 4170; x_wconf 87' lang='lat' dir='ltr'>ad</span> <span class='ocrx_word' id='word_1_212' title='bbox 614 4128 713 4170; x_wconf 79' lang='lat' dir='ltr'>noras</span> <span class='ocrx_word' id='word_1_213' title='bbox 736 4105 886 4170; x_wconf 80' lang='lat' dir='ltr'>victorias</span> <span class='ocrx_word' id='word_1_214' title='bbox 910 4106 1132 4191; x_wconf 84' lang='lat' dir='ltr'>reportandas:</span> 
     </span>
    </p>
   </div>
   <div class='ocr_carea' id='block_1_7' title="bbox 0 0 1475 4834">
    <p class='ocr_par' dir='ltr' id='par_1_10' title="bbox 0 0 1475 4834">
     <span class='ocr_line' id='line_1_30' title="bbox 0 0 1475 4834; baseline 0 0"><span class='ocrx_word' id='word_1_215' title='bbox 0 0 1475 4834; x_wconf 95' lang='lat' dir='ltr'> </span> 
     </span>
    </p>
   </div>
  </div>
 </body>
</html>
