2854 4828
673 356 869 420 -104-

344 539 426 596 nullo
450 539 559 614 quippe
583 540 640 598 alio
663 540 755 599 vincis
779 539 956 611 discrimine,
981 561 1072 616 quam
1094 542 1179 624 quod

348 646 392 703 illi
414 664 613 704 marmoreum
637 649 728 724 caput
751 649 804 717 est,
829 650 883 704 tua
907 647 984 706 vivit
1006 648 1115 726 imago.

347 799 435 864 Duos
470 804 645 884 postremos
679 823 789 864 versus
818 801 1017 866 Ribbeckius
1041 825 1106 866 non
1127 803 1254 867 tolerat
1281 803 1320 888 (l.

165 973 168 981 1
238 925 261 990 l.
284 948 316 1008 p.
343 925 429 1008 131),
454 947 525 990 cum
549 926 1320 1024 111111111111111111111111111111111111111

238 1053 276 1114 11,
293 1050 430 1132 ineptias
453 1051 690 1136 interpolatoris
713 1052 821 1115 statim
844 1053 992 1135 prodant.
1027 1044 1156 1116 Tamen
1170 1054 1316 1120 tolerari

237 1179 380 1258 possunt;
404 1199 506 1261 neque
531 1177 616 1241 enim
638 1177 728 1241 nobis
753 1177 925 1241 deteriores
949 1199 1017 1241 esse
1039 1177 1189 1242 videntur
1206 1201 1316 1262 quam

237 1299 271 1378 ii,
296 1301 351 1382 qui
374 1323 402 1365 1,
426 1323 475 1386 gr.
499 1305 557 1367 sat.
582 1300 657 1366 VII.
684 1303 747 1366 100
771 1323 840 1386 sqq.
864 1302 1033 1387 leguntur:

472 1469 549 1543 petit
571 1468 618 1527 hic
641 1469 708 1544 plus
731 1467 873 1543 temporis
897 1472 987 1545 atque
1011 1469 1068 1527 olei
1090 1469 1171 1544 plus3

378 1575 460 1632 nullo
485 1575 594 1650 quippe
616 1569 705 1634 modo
727 1575 904 1634 millensima
927 1577 1037 1652 pagina
1061 1575 1158 1652 surgit

378 1681 514 1739 omnibus
539 1684 568 1738 et
592 1681 696 1740 crescit
719 1683 814 1740 multa
839 1682 979 1740 damnosa
1002 1702 1134 1760 papyro:

239 1832 300 1908 Qui
335 1835 395 1898 duo
429 1835 491 1898 loci
522 1836 611 1920 digni
641 1839 822 1915 sancsone,
847 1836 902 1919 qui
924 1837 1009 1901 inter
1032 1859 1065 1900 se
1090 1838 1311 1905 conferantur.

237 1957 274 2023 Si
296 1981 408 2022 verum
433 1965 490 2038 est,
513 1983 622 2024 versus
647 1961 777 2025 52-53
793 1962 853 2024 sat.
869 1958 963 2026 VIII.
979 1961 1225 2045 explicationem
1239 1987 1312 2029 non

238 2083 428 2164 desiderare,
452 2085 537 2148 idem
559 2086 646 2148 valet
670 2086 708 2148 de
732 2108 782 2150 vv.
808 2086 938 2151 98—90
963 2090 1022 2150 sat.
1046 2084 1126 2150 VH:
1157 2110 1232 2152 nam
1256 2089 1310 2153 ibi

239 2231 364 2292 quoque
386 2231 445 2292 per
468 2232 501 2274 se
525 2211 602 2273 satis
625 2210 758 2274 festivus
781 2231 890 2274 versus
915 2214 963 2274 est
987 2211 1045 2276 99:

419 2377 495 2451 petit
518 2377 565 2434 hic
588 2377 655 2452 plus
679 2377 820 2452 temporis
845 2379 936 2451 atque
959 2377 1015 2435 olei
1038 2379 1115 2454 plus.

237 2529 285 2594 Εο
308 2531 411 2614 magis
434 2531 533 2594 miror
555 2529 770 2595 Ribbeckium
794 2531 930 2594 alterum
952 2531 1056 2595 locum
1071 2534 1207 2614 probare
1221 2533 1303 2597 alte-

238 2677 309 2719 rum
333 2657 510 2719 emendare.

342 2779 373 2844 A
396 2781 545 2847 Rubellio
569 2783 693 2847 Blando
716 2786 811 2866 poeta
834 2781 847 2864 (
870 2833 877 2845 .
903 2779 957 2864 71)
981 2804 1088 2845 rursus
1112 2804 1303 2846 11111111-

236 2905 276 2968 tit
301 2907 340 2970 ad
363 2906 542 2987 Ponticum,
566 2931 641 2971 nam
664 2893 693 2972 11
718 2907 823 2972 omnia
848 2929 885 2970 ea
909 2907 1041 2970 consilia
1057 2907 1211 2990 impertit,
1228 2929 1303 2991 quae

236 3031 268 3094 in
292 3036 351 3095 sat.
375 3030 467 3097 VIII.
486 3034 610 3097 dantur.
643 3032 723 3096 Haec
740 3032 896 3117 digressio
908 3031 971 3114 (vv.
986 3029 1129 3114 39-70)
1142 3035 1301 3115 praeterea

235 3157 326 3220 uobis
349 3158 546 3222 observanda
562 3161 620 3221 est.
659 3157 739 3221 Tota
755 3131 854 3220 satira
866 3154 1025 3220 Iuvenalis
1037 3155 1207 3220 Ponticum
1220 3156 1299 3220 allo-

236 3281 354 3364 quitur⁷
371 3283 512 3365 exceptis
528 3283 567 3346 iis
583 3282 738 3361 versibus,
751 3282 866 3364 quibus
878 3282 983 3345 medio
996 3282 1030 3344 in
1042 3303 1186 3344 sermone
1200 3280 1297 3344 Blan-

237 3405 312 3468 dum
325 3405 519 3487 adhortatur,
532 3411 568 3471 ut
580 3430 689 3472 veram
700 3407 828 3470 laudem
839 3407 966 3470 virtutis
978 3407 1190 3489 concupiscat.
1204 3405 1297 3469 Eius-

235 3531 321 3595 modi
345 3532 508 3616 digressio
533 3555 602 3616 quae
626 3535 735 3595 tamen
757 3531 862 3614 potius
876 3531 1031 3616 digressio
1048 3532 1088 3595 ab
1102 3552 1149 3608 cc,
1162 3551 1295 3613 quocum

235 3655 300 3718 iam
315 3656 389 3721 inde
408 3644 454 3721 'ab
477 3657 569 3720 initio
592 3659 686 3739 poeta
710 3656 910 3740 colloquitur,
927 3677 1024 3738 quam
1040 3679 1059 3718 a
1073 3655 1209 3718 materia
1224 3674 1296 3737 pro·

234 3781 337 3862 posita
361 3781 494 3845 dicenda
517 3785 575 3860 est,
592 3781 761 3845 admodum
777 3803 849 3843 rara
866 3784 914 3844 est
929 3781 1013 3862 apud
1029 3776 1224 3842 Iuvenalem.
1258 3773 1294 3839 In

234 3907 324 3968 sexta
347 3905 446 3968 satira
468 3909 572 3987 poeta,
596 3926 789 3989 quamquam
812 3904 841 3967 11
865 3899 1103 3968 11111Ῥοε111110
1120 3925 1222 3966 sermo
1238 3903 1292 3978 est,

233 4031 341 4094 tamen
375 4051 426 4096 11.
463 4030 589 4094 76-81
627 4029 799 4094 Lentulum
834 4027 1015 4112 alloquitur.
1061 4009 1123 4092 Sed
1158 4030 1190 4090 et
1217 4045 1295 4109 pau·
