<?xml version="1.0" encoding="UTF-8"?>
<!DOCTYPE html PUBLIC "-//W3C//DTD XHTML 1.0 Transitional//EN"
    "http://www.w3.org/TR/xhtml1/DTD/xhtml1-transitional.dtd">
<html xmlns="http://www.w3.org/1999/xhtml" xml:lang="en" lang="en">
 <head>
  <title>
</title>
<meta http-equiv="Content-Type" content="text/html;charset=utf-8" />
  <meta name='ocr-system' content='tesseract 3.04.00' />
  <meta name='ocr-capabilities' content='ocr_page ocr_carea ocr_par ocr_line ocrx_word'/>
</head>
<body>
  <div class='ocr_page' id='page_1' title='image "./deargumentidisp00grylgoog_0184.png"; bbox 0 0 2854 4828; ppageno 0'>
   <div class='ocr_carea' id='block_1_1' title="bbox 547 481 720 566">
    <p class='ocr_par' dir='ltr' id='par_1_1' title="bbox 547 481 720 566">
     <span class='ocr_line' id='line_1_1' title="bbox 547 481 720 566; baseline 0 -23"><span class='ocrx_word' id='word_1_1' title='bbox 547 481 720 566; x_wconf 43' lang='grc'>455--</span> 
     </span>
    </p>
   </div>
   <div class='ocr_carea' id='block_1_2' title="bbox 91 654 1161 1991">
    <p class='ocr_par' dir='ltr' id='par_1_2' title="bbox 91 654 1160 866">
     <span class='ocr_line' id='line_1_2' title="bbox 91 654 1160 741; baseline 0.001 -20"><span class='ocrx_word' id='word_1_2' title='bbox 91 658 284 741; x_wconf 87' lang='lat' dir='ltr'>plerumque</span> <span class='ocrx_word' id='word_1_3' title='bbox 312 661 394 737; x_wconf 90' lang='lat' dir='ltr'>sunt,</span> <span class='ocrx_word' id='word_1_4' title='bbox 419 662 464 732; x_wconf 89' lang='lat' dir='ltr'>ut,</span> <span class='ocrx_word' id='word_1_5' title='bbox 489 679 681 740; x_wconf 89' lang='lat' dir='ltr'>quamquam</span> <span class='ocrx_word' id='word_1_6' title='bbox 704 657 868 740; x_wconf 90' lang='lat' dir='ltr'>proprium</span> <span class='ocrx_word' id='word_1_7' title='bbox 891 654 982 720; x_wconf 82' lang='lat' dir='ltr'>suum</span> <span class='ocrx_word' id='word_1_8' title='bbox 1007 659 1160 741; x_wconf 87' lang='lat' dir='ltr'>cuiusque</span> 
     </span>
     <span class='ocr_line' id='line_1_3' title="bbox 93 781 955 866; baseline 0 -20"><span class='ocrx_word' id='word_1_9' title='bbox 93 805 211 846; x_wconf 90' lang='lat' dir='ltr'>munus</span> <span class='ocrx_word' id='word_1_10' title='bbox 237 785 294 857; x_wconf 85' lang='lat' dir='ltr'>est,</span> <span class='ocrx_word' id='word_1_11' title='bbox 318 788 382 846; x_wconf 87' lang='lat' dir='ltr'>una</span> <span class='ocrx_word' id='word_1_12' title='bbox 406 785 445 847; x_wconf 90' lang='lat' dir='ltr'>ab</span> <span class='ocrx_word' id='word_1_13' title='bbox 470 781 571 846; x_wconf 85' lang='lat' dir='ltr'>altera</span> <span class='ocrx_word' id='word_1_14' title='bbox 595 783 737 866; x_wconf 86' lang='lat' dir='ltr'>separari</span> <span class='ocrx_word' id='word_1_15' title='bbox 759 805 822 846; x_wconf 88' lang='lat' dir='ltr'>non</span> <span class='ocrx_word' id='word_1_16' title='bbox 845 783 955 865; x_wconf 85' lang='lat' dir='ltr'>possit.</span> 
     </span>
    </p>

    <p class='ocr_par' dir='ltr' id='par_1_3' title="bbox 91 885 1161 1991">
     <span class='ocr_line' id='line_1_4' title="bbox 205 885 1159 992; baseline 0.001 -21"><span class='ocrx_word' id='word_1_17' title='bbox 205 885 365 972; x_wconf 86' lang='lat' dir='ltr'>luvenalis</span> <span class='ocrx_word' id='word_1_18' title='bbox 401 909 469 990; x_wconf 86' lang='lat' dir='ltr'>ipse</span> <span class='ocrx_word' id='word_1_19' title='bbox 505 908 605 992; x_wconf 90' lang='lat' dir='ltr'>igitur</span> <span class='ocrx_word' id='word_1_20' title='bbox 640 908 760 990; x_wconf 88' lang='lat' dir='ltr'>aliquid</span> <span class='ocrx_word' id='word_1_21' title='bbox 794 909 1054 990; x_wconf 88' lang='lat' dir='ltr'>praemittendum</span> <span class='ocrx_word' id='word_1_22' title='bbox 1081 931 1159 989; x_wconf 86' lang='lat' dir='ltr'>esse,</span> 
     </span>
     <span class='ocr_line' id='line_1_5' title="bbox 92 1023 1160 1117; baseline 0 -21"><span class='ocrx_word' id='word_1_23' title='bbox 92 1057 126 1099; x_wconf 86' lang='lat' dir='ltr'>v.</span> <span class='ocrx_word' id='word_1_24' title='bbox 165 1034 207 1098; x_wconf 87' lang='grc'>56</span> <span class='ocrx_word' id='word_1_25' title='bbox 243 1034 402 1097; x_wconf 88' lang='lat' dir='ltr'>confessus</span> <span class='ocrx_word' id='word_1_26' title='bbox 431 1023 493 1097; x_wconf 46' lang='lat' dir='ltr'>est*</span> <span class='ocrx_word' id='word_1_27' title='bbox 535 1027 580 1096; x_wconf 88' lang='lat' dir='ltr'>Hi</span> <span class='ocrx_word' id='word_1_28' title='bbox 603 1036 676 1095; x_wconf 89' lang='lat' dir='ltr'>sunt</span> <span class='ocrx_word' id='word_1_29' title='bbox 698 1033 747 1096; x_wconf 91' lang='lat' dir='ltr'>illi</span> <span class='ocrx_word' id='word_1_30' title='bbox 770 1056 821 1097; x_wconf 87' lang='lat' dir='ltr'>vv.</span> <span class='ocrx_word' id='word_1_31' title='bbox 848 1035 964 1108; x_wconf 83' lang='lat'>1-55,</span> <span class='ocrx_word' id='word_1_32' title='bbox 990 1035 1044 1117; x_wconf 93' lang='lat' dir='ltr'>qui</span> <span class='ocrx_word' id='word_1_33' title='bbox 1068 1034 1160 1096; x_wconf 90' lang='lat' dir='ltr'>dissi-</span> 
     </span>
     <span class='ocr_line' id='line_1_6' title="bbox 93 1139 1159 1241; baseline 0.001 -19"><span class='ocrx_word' id='word_1_34' title='bbox 93 1158 190 1222; x_wconf 88' lang='lat' dir='ltr'><strong>miles</strong></span> <span class='ocrx_word' id='word_1_35' title='bbox 213 1159 342 1241; x_wconf 89' lang='lat' dir='ltr'>quidem</span> <span class='ocrx_word' id='word_1_36' title='bbox 366 1153 404 1220; x_wconf 91' lang='lat' dir='ltr'>iis</span> <span class='ocrx_word' id='word_1_37' title='bbox 429 1162 511 1236; x_wconf 87' lang='lat' dir='ltr'>sunt,</span> <span class='ocrx_word' id='word_1_38' title='bbox 536 1159 589 1241; x_wconf 92' lang='lat' dir='ltr'>qui</span> <span class='ocrx_word' id='word_1_39' title='bbox 614 1139 798 1241; x_wconf 87' lang='lat' dir='ltr'>sequuntur,</span> <span class='ocrx_word' id='word_1_40' title='bbox 820 1159 954 1222; x_wconf 87' lang='lat' dir='ltr'>sednon</span> <span class='ocrx_word' id='word_1_41' title='bbox 971 1159 1038 1222; x_wconf 88' lang='lat' dir='ltr'>sine</span> <span class='ocrx_word' id='word_1_42' title='bbox 1055 1181 1159 1223; x_wconf 87' lang='lat' dir='ltr'>causa.</span> 
     </span>
     <span class='ocr_line' id='line_1_7' title="bbox 91 1282 1160 1365; baseline 0.003 -18"><span class='ocrx_word' id='word_1_43' title='bbox 91 1283 166 1358; x_wconf 76' lang='lat' dir='ltr'>Quo</span> <span class='ocrx_word' id='word_1_44' title='bbox 184 1285 278 1347; x_wconf 91' lang='lat' dir='ltr'>modo</span> <span class='ocrx_word' id='word_1_45' title='bbox 295 1283 414 1347; x_wconf 83' lang='lat' dir='ltr'>similes</span> <span class='ocrx_word' id='word_1_46' title='bbox 431 1305 498 1346; x_wconf 87' lang='lat' dir='ltr'>esse</span> <span class='ocrx_word' id='word_1_47' title='bbox 515 1283 646 1365; x_wconf 90' lang='lat' dir='ltr'>possint,</span> <span class='ocrx_word' id='word_1_48' title='bbox 663 1305 736 1346; x_wconf 84' lang='lat' dir='ltr'>cunr</span> <span class='ocrx_word' id='word_1_49' title='bbox 752 1282 920 1346; x_wconf 81' lang='lat' dir='ltr'>dissimiles</span> <span class='ocrx_word' id='word_1_50' title='bbox 936 1306 986 1347; x_wconf 90' lang='lat' dir='ltr'>res</span> <span class='ocrx_word' id='word_1_51' title='bbox 1002 1287 1160 1351; x_wconf 76' lang='lat' dir='ltr'>tractent?</span> 
     </span>
     <span class='ocr_line' id='line_1_8' title="bbox 93 1407 1161 1492; baseline 0.004 -21"><span class='ocrx_word' id='word_1_52' title='bbox 93 1407 135 1471; x_wconf 91' lang='lat' dir='ltr'>In</span> <span class='ocrx_word' id='word_1_53' title='bbox 172 1408 276 1492; x_wconf 91' lang='lat' dir='ltr'>priore</span> <span class='ocrx_word' id='word_1_54' title='bbox 311 1411 403 1491; x_wconf 87' lang='lat' dir='ltr'>parte</span> <span class='ocrx_word' id='word_1_55' title='bbox 439 1409 544 1471; x_wconf 88' lang='lat' dir='ltr'>satirae</span> <span class='ocrx_word' id='word_1_56' title='bbox 569 1407 777 1491; x_wconf 89' lang='lat' dir='ltr'>philosophus</span> <span class='ocrx_word' id='word_1_57' title='bbox 802 1409 840 1470; x_wconf 87' lang='lat' dir='ltr'>de</span> <span class='ocrx_word' id='word_1_58' title='bbox 864 1407 974 1472; x_wconf 91' lang='lat' dir='ltr'>officiis</span> <span class='ocrx_word' id='word_1_59' title='bbox 997 1409 1161 1476; x_wconf 90' lang='lat' dir='ltr'>hominum</span> 
     </span>
     <span class='ocr_line' id='line_1_9' title="bbox 94 1532 1160 1616; baseline 0.003 -19"><span class='ocrx_word' id='word_1_60' title='bbox 94 1535 248 1598; x_wconf 81' lang='lat' dir='ltr'>universe</span> <span class='ocrx_word' id='word_1_61' title='bbox 277 1534 417 1616; x_wconf 92' lang='lat' dir='ltr'>loquitur</span> <span class='ocrx_word' id='word_1_62' title='bbox 439 1534 639 1616; x_wconf 85' lang='lat' dir='ltr'>maximeque</span> <span class='ocrx_word' id='word_1_63' title='bbox 663 1532 722 1596; x_wconf 92' lang='lat' dir='ltr'>hoc</span> <span class='ocrx_word' id='word_1_64' title='bbox 746 1534 904 1598; x_wconf 85' lang='lat' dir='ltr'>mentibus</span> <span class='ocrx_word' id='word_1_65' title='bbox 929 1556 1036 1598; x_wconf 89' lang='lat' dir='ltr'>eorum</span> <span class='ocrx_word' id='word_1_66' title='bbox 1056 1537 1160 1600; x_wconf 92' lang='lat' dir='ltr'>incul-</span> 
     </span>
     <span class='ocr_line' id='line_1_10' title="bbox 92 1649 1160 1742; baseline 0.001 -20"><span class='ocrx_word' id='word_1_67' title='bbox 92 1681 172 1722; x_wconf 87' lang='lat' dir='ltr'>care</span> <span class='ocrx_word' id='word_1_68' title='bbox 208 1649 286 1737; x_wconf 75' lang='lat' dir='ltr'>vult,</span> <span class='ocrx_word' id='word_1_69' title='bbox 311 1661 346 1720; x_wconf 92' lang='lat' dir='ltr'>ut</span> <span class='ocrx_word' id='word_1_70' title='bbox 369 1681 495 1740; x_wconf 83' lang='lat' dir='ltr'>semper</span> <span class='ocrx_word' id='word_1_71' title='bbox 519 1657 689 1742; x_wconf 75' lang='lat' dir='ltr'>frugaliter</span> <span class='ocrx_word' id='word_1_72' title='bbox 712 1658 831 1736; x_wconf 81' lang='lat' dir='ltr'>vivant,</span> <span class='ocrx_word' id='word_1_73' title='bbox 856 1659 938 1740; x_wconf 91' lang='lat' dir='ltr'>quod</span> <span class='ocrx_word' id='word_1_74' title='bbox 962 1681 1024 1741; x_wconf 94' lang='lat' dir='ltr'>quo</span> <span class='ocrx_word' id='word_1_75' title='bbox 1048 1661 1160 1724; x_wconf 90' lang='lat' dir='ltr'>melius</span> 
     </span>
     <span class='ocr_line' id='line_1_11' title="bbox 92 1782 1160 1866; baseline 0.002 -20"><span class='ocrx_word' id='word_1_76' title='bbox 92 1784 131 1846; x_wconf 90' lang='lat' dir='ltr'>in</span> <span class='ocrx_word' id='word_1_77' title='bbox 154 1786 282 1866; x_wconf 84' lang='lat' dir='ltr'>pectora</span> <span class='ocrx_word' id='word_1_78' title='bbox 306 1783 438 1846; x_wconf 85' lang='lat' dir='ltr'>infixum</span> <span class='ocrx_word' id='word_1_79' title='bbox 462 1783 513 1862; x_wconf 90' lang='lat' dir='ltr'>sit,</span> <span class='ocrx_word' id='word_1_80' title='bbox 540 1782 693 1864; x_wconf 83' lang='lat' dir='ltr'>exemplis</span> <span class='ocrx_word' id='word_1_81' title='bbox 718 1783 910 1864; x_wconf 89' lang='lat' dir='ltr'>comprobat,</span> <span class='ocrx_word' id='word_1_82' title='bbox 935 1783 1037 1866; x_wconf 89' lang='lat' dir='ltr'>qualis</span> <span class='ocrx_word' id='word_1_83' title='bbox 1058 1785 1160 1848; x_wconf 82' lang='lat' dir='ltr'>exitus</span> 
     </span>
     <span class='ocr_line' id='line_1_12' title="bbox 92 1893 1160 1991; baseline 0 -20"><span class='ocrx_word' id='word_1_84' title='bbox 92 1909 138 1972; x_wconf 87' lang='lat' dir='ltr'>iis</span> <span class='ocrx_word' id='word_1_85' title='bbox 173 1909 366 1991; x_wconf 81' lang='lat' dir='ltr'>impendeat,</span> <span class='ocrx_word' id='word_1_86' title='bbox 395 1909 449 1990; x_wconf 91' lang='lat' dir='ltr'>qui</span> <span class='ocrx_word' id='word_1_87' title='bbox 472 1909 607 1971; x_wconf 87' lang='lat' dir='ltr'>maiores</span> <span class='ocrx_word' id='word_1_88' title='bbox 631 1929 726 1991; x_wconf 90' lang='lat' dir='ltr'>quam</span> <span class='ocrx_word' id='word_1_89' title='bbox 749 1929 808 1990; x_wconf 89' lang='lat' dir='ltr'>pro</span> <span class='ocrx_word' id='word_1_90' title='bbox 832 1893 945 1990; x_wconf 75' lang='lat' dir='ltr'>opilius</span> <span class='ocrx_word' id='word_1_91' title='bbox 970 1912 1001 1971; x_wconf 92' lang='lat' dir='ltr'>et</span> <span class='ocrx_word' id='word_1_92' title='bbox 1024 1909 1160 1972; x_wconf 86' lang='lat' dir='ltr'>fortunis</span> 
     </span>
    </p>
   </div>
   <div class='ocr_carea' id='block_1_3' title="bbox 92 2030 1161 2115">
    <p class='ocr_par' dir='ltr' id='par_1_4' title="bbox 92 2030 1161 2115">
     <span class='ocr_line' id='line_1_13' title="bbox 92 2030 1161 2115; baseline 0 -20"><span class='ocrx_word' id='word_1_93' title='bbox 92 2036 245 2115; x_wconf 88' lang='lat' dir='ltr'>sumptus</span> <span class='ocrx_word' id='word_1_94' title='bbox 280 2031 408 2095; x_wconf 86' lang='lat' dir='ltr'>faciant.</span> <span class='ocrx_word' id='word_1_95' title='bbox 456 2030 493 2093; x_wconf 92' lang='lat' dir='ltr'>ln</span> <span class='ocrx_word' id='word_1_96' title='bbox 522 2031 622 2095; x_wconf 88' lang='lat' dir='ltr'>altera</span> <span class='ocrx_word' id='word_1_97' title='bbox 646 2033 736 2114; x_wconf 89' lang='lat' dir='ltr'>parte</span> <span class='ocrx_word' id='word_1_98' title='bbox 761 2033 880 2095; x_wconf 90' lang='lat' dir='ltr'>amicus</span> <span class='ocrx_word' id='word_1_99' title='bbox 904 2053 936 2095; x_wconf 92' lang='lat' dir='ltr'>se</span> <span class='ocrx_word' id='word_1_100' title='bbox 960 2033 1000 2095; x_wconf 89' lang='lat' dir='ltr'>ad</span> <span class='ocrx_word' id='word_1_101' title='bbox 1024 2033 1161 2096; x_wconf 88' lang='lat' dir='ltr'>amicum</span> 
     </span>
    </p>
   </div>
   <div class='ocr_carea' id='block_1_4' title="bbox 93 2155 1161 2262">
    <p class='ocr_par' dir='ltr' id='par_1_5' title="bbox 93 2155 1161 2262">
     <span class='ocr_line' id='line_1_14' title="bbox 93 2155 1161 2262; baseline 0 -42"><span class='ocrx_word' id='word_1_102' title='bbox 93 2156 265 2234; x_wconf 86' lang='lat' dir='ltr'>convertit,</span> <span class='ocrx_word' id='word_1_103' title='bbox 290 2179 353 2219; x_wconf 89' lang='lat' dir='ltr'>non</span> <span class='ocrx_word' id='word_1_104' title='bbox 377 2156 512 2238; x_wconf 89' lang='lat' dir='ltr'>amplius</span> <span class='ocrx_word' id='word_1_105' title='bbox 537 2155 784 2238; x_wconf 89' lang='lat' dir='ltr'>disputationem</span> <span class='ocrx_word' id='word_1_106' title='bbox 799 2155 1161 2262; x_wconf 88' lang='lat' dir='ltr'>morephilosophorum</span> 
     </span>
    </p>
   </div>
   <div class='ocr_carea' id='block_1_5' title="bbox 91 2281 1162 4112">
    <p class='ocr_par' dir='ltr' id='par_1_6' title="bbox 91 2281 1162 4112">
     <span class='ocr_line' id='line_1_15' title="bbox 91 2281 1160 2363; baseline 0.001 -18"><span class='ocrx_word' id='word_1_107' title='bbox 91 2284 136 2346; x_wconf 89' lang='lat' dir='ltr'>de</span> <span class='ocrx_word' id='word_1_108' title='bbox 172 2282 284 2345; x_wconf 90' lang='lat' dir='ltr'>officiis</span> <span class='ocrx_word' id='word_1_109' title='bbox 316 2281 480 2344; x_wconf 91' lang='lat' dir='ltr'>hominum</span> <span class='ocrx_word' id='word_1_110' title='bbox 507 2281 685 2360; x_wconf 87' lang='lat' dir='ltr'>instituens,</span> <span class='ocrx_word' id='word_1_111' title='bbox 710 2281 765 2344; x_wconf 89' lang='lat' dir='ltr'>sed</span> <span class='ocrx_word' id='word_1_112' title='bbox 789 2283 824 2344; x_wconf 94' lang='lat' dir='ltr'>ut</span> <span class='ocrx_word' id='word_1_113' title='bbox 847 2303 915 2343; x_wconf 92' lang='lat' dir='ltr'>rem</span> <span class='ocrx_word' id='word_1_114' title='bbox 938 2283 1097 2363; x_wconf 90' lang='lat' dir='ltr'>quandam</span> <span class='ocrx_word' id='word_1_115' title='bbox 1121 2283 1160 2346; x_wconf 88' lang='lat' dir='ltr'>ad</span> 
     </span>
     <span class='ocr_line' id='line_1_16' title="bbox 91 2405 1160 2488; baseline -0.001 -17"><span class='ocrx_word' id='word_1_116' title='bbox 91 2408 198 2471; x_wconf 87' lang='lat' dir='ltr'>vitam</span> <span class='ocrx_word' id='word_1_117' title='bbox 223 2406 426 2470; x_wconf 76' lang='lat' dir='ltr'>domesticam</span> <span class='ocrx_word' id='word_1_118' title='bbox 451 2406 662 2488; x_wconf 74' lang='lat' dir='ltr'>pertinentem</span> <span class='ocrx_word' id='word_1_119' title='bbox 688 2427 760 2468; x_wconf 87' lang='lat' dir='ltr'>eum</span> <span class='ocrx_word' id='word_1_120' title='bbox 776 2426 813 2469; x_wconf 90' lang='lat' dir='ltr'>eo</span> <span class='ocrx_word' id='word_1_121' title='bbox 830 2407 1047 2470; x_wconf 88' lang='lat' dir='ltr'>communicet.</span> <span class='ocrx_word' id='word_1_122' title='bbox 1074 2405 1160 2470; x_wconf 84' lang='lat' dir='ltr'>Haec</span> 
     </span>
     <span class='ocr_line' id='line_1_17' title="bbox 91 2529 1161 2615; baseline 0 -21"><span class='ocrx_word' id='word_1_123' title='bbox 91 2533 146 2594; x_wconf 88' lang='lat' dir='ltr'>est</span> <span class='ocrx_word' id='word_1_124' title='bbox 171 2529 404 2606; x_wconf 83' lang='lat' dir='ltr'>dissimilitudo,</span> <span class='ocrx_word' id='word_1_125' title='bbox 429 2553 492 2613; x_wconf 90' lang='lat' dir='ltr'>qua</span> <span class='ocrx_word' id='word_1_126' title='bbox 515 2552 675 2613; x_wconf 90' lang='lat' dir='ltr'>unapars</span> <span class='ocrx_word' id='word_1_127' title='bbox 700 2531 740 2594; x_wconf 89' lang='lat' dir='ltr'>ab</span> <span class='ocrx_word' id='word_1_128' title='bbox 765 2530 865 2593; x_wconf 87' lang='lat' dir='ltr'>altera</span> <span class='ocrx_word' id='word_1_129' title='bbox 889 2535 1087 2615; x_wconf 69' lang='lat' dir='ltr'>segregatur,</span> <span class='ocrx_word' id='word_1_130' title='bbox 1105 2533 1161 2595; x_wconf 87' lang='lat' dir='ltr'>sed</span> 
     </span>
     <span class='ocr_line' id='line_1_18' title="bbox 92 2627 1160 2738; baseline 0.001 -19"><span class='ocrx_word' id='word_1_131' title='bbox 92 2657 131 2719; x_wconf 90' lang='lat' dir='ltr'>in</span> <span class='ocrx_word' id='word_1_132' title='bbox 166 2655 221 2719; x_wconf 94' lang='lat' dir='ltr'>illo</span> <span class='ocrx_word' id='word_1_133' title='bbox 256 2656 294 2718; x_wconf 90' lang='lat' dir='ltr'>de</span> <span class='ocrx_word' id='word_1_134' title='bbox 330 2627 522 2738; x_wconf 79' lang='lat' dir='ltr'>parsimonia</span> <span class='ocrx_word' id='word_1_135' title='bbox 556 2676 710 2734; x_wconf 85' lang='lat' dir='ltr'>sermone,</span> <span class='ocrx_word' id='word_1_136' title='bbox 745 2655 872 2738; x_wconf 86' lang='lat' dir='ltr'>utrique</span> <span class='ocrx_word' id='word_1_137' title='bbox 899 2654 968 2719; x_wconf 90' lang='lat' dir='ltr'>loco</span> <span class='ocrx_word' id='word_1_138' title='bbox 992 2657 1160 2736; x_wconf 86' lang='lat' dir='ltr'>communi,</span> 
     </span>
     <span class='ocr_line' id='line_1_19' title="bbox 93 2779 1159 2866; baseline 0.003 -23"><span class='ocrx_word' id='word_1_139' title='bbox 93 2780 197 2843; x_wconf 87' lang='lat' dir='ltr'>etiam</span> <span class='ocrx_word' id='word_1_140' title='bbox 231 2780 311 2843; x_wconf 89' lang='lat' dir='ltr'>latet</span> <span class='ocrx_word' id='word_1_141' title='bbox 342 2780 526 2857; x_wconf 71' lang='lat' dir='ltr'>similitudo</span> <span class='ocrx_word' id='word_1_142' title='bbox 555 2802 618 2863; x_wconf 90' lang='lat' dir='ltr'>qua</span> <span class='ocrx_word' id='word_1_143' title='bbox 640 2779 709 2842; x_wconf 88' lang='lat' dir='ltr'>haec</span> <span class='ocrx_word' id='word_1_144' title='bbox 733 2781 891 2843; x_wconf 87' lang='lat' dir='ltr'>cumillis</span> <span class='ocrx_word' id='word_1_145' title='bbox 916 2781 1159 2866; x_wconf 89' lang='lat' dir='ltr'>coniunguntur.</span> 
     </span>
     <span class='ocr_line' id='line_1_20' title="bbox 92 2895 1160 2988; baseline 0.002 -20"><span class='ocrx_word' id='word_1_146' title='bbox 92 2903 213 2988; x_wconf 86' lang='lat' dir='ltr'>Neque</span> <span class='ocrx_word' id='word_1_147' title='bbox 244 2927 293 2967; x_wconf 87' lang='lat' dir='ltr'>vv.</span> <span class='ocrx_word' id='word_1_148' title='bbox 321 2895 438 2981; x_wconf 55' lang='lat'>1455,</span> <span class='ocrx_word' id='word_1_149' title='bbox 463 2905 528 2968; x_wconf 82' lang='lat' dir='ltr'>sive</span> <span class='ocrx_word' id='word_1_150' title='bbox 553 2905 696 2968; x_wconf 89' lang='lat' dir='ltr'>ordinem</span> <span class='ocrx_word' id='word_1_151' title='bbox 720 2905 950 2968; x_wconf 88' lang='lat' dir='ltr'>sententiarum</span> <span class='ocrx_word' id='word_1_152' title='bbox 973 2907 1160 2988; x_wconf 84' lang='lat' dir='ltr'>respicimus</span> 
     </span>
     <span class='ocr_line' id='line_1_21' title="bbox 93 3028 1160 3109; baseline 0.004 -17"><span class='ocrx_word' id='word_1_153' title='bbox 93 3029 171 3092; x_wconf 87' lang='lat' dir='ltr'>sive·</span> <span class='ocrx_word' id='word_1_154' title='bbox 190 3028 410 3107; x_wconf 87' lang='lat' dir='ltr'>elocutionem,</span> <span class='ocrx_word' id='word_1_155' title='bbox 434 3033 540 3092; x_wconf 88' lang='lat' dir='ltr'>tantas</span> <span class='ocrx_word' id='word_1_156' title='bbox 565 3029 766 3094; x_wconf 87' lang='lat' dir='ltr'>difficultates</span> <span class='ocrx_word' id='word_1_157' title='bbox 782 3029 912 3109; x_wconf 89' lang='lat' dir='ltr'>habeut,</span> <span class='ocrx_word' id='word_1_158' title='bbox 931 3034 966 3094; x_wconf 93' lang='lat' dir='ltr'>ut</span> <span class='ocrx_word' id='word_1_159' title='bbox 984 3034 1160 3096; x_wconf 90' lang='lat' dir='ltr'>ceterorum</span> 
     </span>
     <span class='ocr_line' id='line_1_22' title="bbox 93 3136 1160 3238; baseline 0.002 -21"><span class='ocrx_word' id='word_1_160' title='bbox 93 3136 248 3218; x_wconf 88' lang='lat' dir='ltr'>versuum</span> <span class='ocrx_word' id='word_1_161' title='bbox 277 3153 430 3236; x_wconf 86' lang='lat' dir='ltr'>scriptore</span> <span class='ocrx_word' id='word_1_162' title='bbox 455 3156 617 3237; x_wconf 90' lang='lat' dir='ltr'>tamquam</span> <span class='ocrx_word' id='word_1_163' title='bbox 640 3154 765 3238; x_wconf 87' lang='lat' dir='ltr'>indigni</span> <span class='ocrx_word' id='word_1_164' title='bbox 789 3177 805 3218; x_wconf 91' lang='lat' dir='ltr'>e</span> <span class='ocrx_word' id='word_1_165' title='bbox 830 3159 976 3218; x_wconf 89' lang='lat' dir='ltr'>contextu</span> <span class='ocrx_word' id='word_1_166' title='bbox 1002 3155 1160 3220; x_wconf 90' lang='lat' dir='ltr'>abiciendi</span> 
     </span>
     <span class='ocr_line' id='line_1_23' title="bbox 93 3276 1160 3371; baseline 0.002 -29"><span class='ocrx_word' id='word_1_167' title='bbox 93 3280 173 3342; x_wconf 87' lang='lat' dir='ltr'>sint.</span> <span class='ocrx_word' id='word_1_168' title='bbox 233 3276 407 3371; x_wconf 78' lang='lat' dir='ltr'>Sententia,</span> <span class='ocrx_word' id='word_1_169' title='bbox 443 3300 539 3361; x_wconf 89' lang='lat' dir='ltr'>quam</span> <span class='ocrx_word' id='word_1_170' title='bbox 572 3280 728 3362; x_wconf 82' lang='lat' dir='ltr'>praebeut,</span> <span class='ocrx_word' id='word_1_171' title='bbox 763 3302 825 3343; x_wconf 91' lang='lat' dir='ltr'>non</span> <span class='ocrx_word' id='word_1_172' title='bbox 858 3283 924 3342; x_wconf 88' lang='lat' dir='ltr'>tum</span> <span class='ocrx_word' id='word_1_173' title='bbox 959 3280 1068 3362; x_wconf 90' lang='lat' dir='ltr'>inepta</span> <span class='ocrx_word' id='word_1_174' title='bbox 1103 3284 1160 3361; x_wconf 89' lang='lat' dir='ltr'>est,</span> 
     </span>
     <span class='ocr_line' id='line_1_24' title="bbox 93 3401 1160 3491; baseline 0.003 -24"><span class='ocrx_word' id='word_1_175' title='bbox 93 3426 196 3491; x_wconf 87' lang='lat' dir='ltr'>quam</span> <span class='ocrx_word' id='word_1_176' title='bbox 219 3403 288 3466; x_wconf 84' lang='lat' dir='ltr'>vult</span> <span class='ocrx_word' id='word_1_177' title='bbox 311 3401 521 3467; x_wconf 83' lang='lat' dir='ltr'>Ribbeckius:</span> <span class='ocrx_word' id='word_1_178' title='bbox 546 3426 609 3466; x_wconf 90' lang='lat' dir='ltr'>non</span> <span class='ocrx_word' id='word_1_179' title='bbox 633 3405 717 3468; x_wconf 84' lang='lat' dir='ltr'>enim</span> <span class='ocrx_word' id='word_1_180' title='bbox 735 3406 871 3487; x_wconf 86' lang='lat' dir='ltr'>scriptor</span> <span class='ocrx_word' id='word_1_181' title='bbox 887 3404 1000 3468; x_wconf 82' lang='lat' dir='ltr'>divites</span> <span class='ocrx_word' id='word_1_182' title='bbox 1016 3404 1160 3470; x_wconf 90' lang='lat' dir='ltr'>homines</span> 
     </span>
     <span class='ocr_line' id='line_1_25' title="bbox 94 3527 1160 3612; baseline 0.004 -21"><span class='ocrx_word' id='word_1_183' title='bbox 94 3529 255 3607; x_wconf 79' lang='lat' dir='ltr'>hortatur,</span> <span class='ocrx_word' id='word_1_184' title='bbox 291 3531 326 3590; x_wconf 93' lang='lat' dir='ltr'>ut</span> <span class='ocrx_word' id='word_1_185' title='bbox 359 3527 522 3591; x_wconf 90' lang='lat' dir='ltr'>helluones</span> <span class='ocrx_word' id='word_1_186' title='bbox 557 3529 630 3607; x_wconf 88' lang='lat' dir='ltr'>sint,</span> <span class='ocrx_word' id='word_1_187' title='bbox 660 3529 734 3592; x_wconf 91' lang='lat' dir='ltr'>dum</span> <span class='ocrx_word' id='word_1_188' title='bbox 768 3551 934 3612; x_wconf 69' lang='lat' dir='ltr'>pauperes</span> <span class='ocrx_word' id='word_1_189' title='bbox 971 3531 1160 3595; x_wconf 85' lang='lat' dir='ltr'>necessitate</span> 
     </span>
     <span class='ocr_line' id='line_1_26' title="bbox 93 3653 1160 3738; baseline 0.003 -22"><span class='ocrx_word' id='word_1_190' title='bbox 93 3657 226 3716; x_wconf 88' lang='lat' dir='ltr'>tautum</span> <span class='ocrx_word' id='word_1_191' title='bbox 261 3657 395 3732; x_wconf 89' lang='lat' dir='ltr'>coactos,</span> <span class='ocrx_word' id='word_1_192' title='bbox 431 3653 657 3736; x_wconf 90' lang='lat' dir='ltr'>parsimoniam</span> <span class='ocrx_word' id='word_1_193' title='bbox 693 3653 796 3717; x_wconf 89' lang='lat' dir='ltr'>colere</span> <span class='ocrx_word' id='word_1_194' title='bbox 831 3655 929 3734; x_wconf 90' lang='lat' dir='ltr'>iubet,</span> <span class='ocrx_word' id='word_1_195' title='bbox 962 3657 1017 3719; x_wconf 89' lang='lat' dir='ltr'>sed</span> <span class='ocrx_word' id='word_1_196' title='bbox 1042 3657 1160 3738; x_wconf 88' lang='lat' dir='ltr'>apertis</span> 
     </span>
     <span class='ocr_line' id='line_1_27' title="bbox 95 3777 1159 3858; baseline 0.001 -16"><span class='ocrx_word' id='word_1_197' title='bbox 95 3779 206 3842; x_wconf 86' lang='lat' dir='ltr'>verbis</span> <span class='ocrx_word' id='word_1_198' title='bbox 230 3778 378 3857; x_wconf 84' lang='lat' dir='ltr'>ostendit,</span> <span class='ocrx_word' id='word_1_199' title='bbox 403 3777 548 3841; x_wconf 89' lang='lat' dir='ltr'>omnibus</span> <span class='ocrx_word' id='word_1_200' title='bbox 572 3799 700 3842; x_wconf 86' lang='lat' dir='ltr'>necesse</span> <span class='ocrx_word' id='word_1_201' title='bbox 725 3801 792 3842; x_wconf 89' lang='lat' dir='ltr'>esse</span> <span class='ocrx_word' id='word_1_202' title='bbox 816 3779 877 3842; x_wconf 93' lang='lat' dir='ltr'>hoc</span> <span class='ocrx_word' id='word_1_203' title='bbox 894 3780 1004 3843; x_wconf 88' lang='lat' dir='ltr'>vitium</span> <span class='ocrx_word' id='word_1_204' title='bbox 1023 3781 1159 3858; x_wconf 84' lang='lat' dir='ltr'>evitarc3</span> 
     </span>
     <span class='ocr_line' id='line_1_28' title="bbox 96 3903 1161 3986; baseline 0 -20"><span class='ocrx_word' id='word_1_205' title='bbox 96 3903 190 3967; x_wconf 86' lang='lat' dir='ltr'>addit</span> <span class='ocrx_word' id='word_1_206' title='bbox 224 3907 333 3966; x_wconf 91' lang='lat' dir='ltr'>tamen</span> <span class='ocrx_word' id='word_1_207' title='bbox 368 3925 430 3982; x_wconf 79' lang='lat' dir='ltr'>eoa,</span> <span class='ocrx_word' id='word_1_208' title='bbox 466 3903 519 3986; x_wconf 94' lang='lat' dir='ltr'>qui</span> <span class='ocrx_word' id='word_1_209' title='bbox 545 3903 658 3966; x_wconf 85' lang='lat' dir='ltr'>divites</span> <span class='ocrx_word' id='word_1_210' title='bbox 682 3904 755 3980; x_wconf 85' lang='lat' dir='ltr'>sint,</span> <span class='ocrx_word' id='word_1_211' title='bbox 780 3904 897 3967; x_wconf 91' lang='lat' dir='ltr'>diutius</span> <span class='ocrx_word' id='word_1_212' title='bbox 921 3927 1017 3986; x_wconf 89' lang='lat' dir='ltr'>quam</span> <span class='ocrx_word' id='word_1_213' title='bbox 1041 3907 1161 3967; x_wconf 88' lang='lat' dir='ltr'>ceteros</span> 
     </span>
     <span class='ocr_line' id='line_1_29' title="bbox 98 4027 1162 4112; baseline 0 -20"><span class='ocrx_word' id='word_1_214' title='bbox 98 4027 371 4112; x_wconf 87' lang='lat' dir='ltr'>appropinquanti</span> <span class='ocrx_word' id='word_1_215' title='bbox 406 4029 589 4112; x_wconf 88' lang='lat' dir='ltr'>paupertati</span> <span class='ocrx_word' id='word_1_216' title='bbox 613 4029 760 4092; x_wconf 87' lang='lat' dir='ltr'>resistere</span> <span class='ocrx_word' id='word_1_217' title='bbox 784 4051 885 4112; x_wconf 86' lang='lat' dir='ltr'>posse.</span> <span class='ocrx_word' id='word_1_218' title='bbox 932 4027 1053 4092; x_wconf 88' lang='lat' dir='ltr'>Verum</span> <span class='ocrx_word' id='word_1_219' title='bbox 1076 4028 1162 4092; x_wconf 90' lang='lat' dir='ltr'>enim</span> 
     </span>
    </p>
   </div>
   <div class='ocr_carea' id='block_1_6' title="bbox 97 4153 1162 4329">
    <p class='ocr_par' dir='ltr' id='par_1_7' title="bbox 97 4153 1162 4329">
     <span class='ocr_line' id='line_1_30' title="bbox 97 4153 1162 4236; baseline 0 -18"><span class='ocrx_word' id='word_1_220' title='bbox 97 4175 186 4234; x_wconf 83' lang='lat' dir='ltr'>vero,</span> <span class='ocrx_word' id='word_1_221' title='bbox 216 4154 330 4236; x_wconf 86' lang='lat' dir='ltr'>inquit,</span> <span class='ocrx_word' id='word_1_222' title='bbox 355 4154 451 4217; x_wconf 89' lang='lat' dir='ltr'>etiam</span> <span class='ocrx_word' id='word_1_223' title='bbox 476 4153 609 4216; x_wconf 84' lang='lat' dir='ltr'>divitum</span> <span class='ocrx_word' id='word_1_224' title='bbox 631 4153 795 4217; x_wconf 91' lang='lat' dir='ltr'>hominum</span> <span class='ocrx_word' id='word_1_225' title='bbox 820 4176 969 4217; x_wconf 88' lang='lat' dir='ltr'>crumena</span> <span class='ocrx_word' id='word_1_226' title='bbox 993 4153 1162 4236; x_wconf 87' lang='lat' dir='ltr'>aliquando</span> 
     </span>
     <span class='ocr_line' id='line_1_31' title="bbox 1022 4279 1037 4329; baseline 0 0"><span class='ocrx_word' id='word_1_227' title='bbox 1022 4279 1037 4329; x_wconf 88' lang='lat'>5</span> 
     </span>
    </p>
   </div>
   <div class='ocr_carea' id='block_1_7' title="bbox 0 0 1438 4828">
    <p class='ocr_par' dir='ltr' id='par_1_8' title="bbox 0 0 1438 4828">
     <span class='ocr_line' id='line_1_32' title="bbox 0 0 1438 4828; baseline 0 0"><span class='ocrx_word' id='word_1_228' title='bbox 0 0 1438 4828; x_wconf 95' lang='lat' dir='ltr'> </span> 
     </span>
    </p>
   </div>
  </div>
 </body>
</html>
