<?xml version="1.0" encoding="UTF-8"?>
<!DOCTYPE html PUBLIC "-//W3C//DTD XHTML 1.0 Transitional//EN"
    "http://www.w3.org/TR/xhtml1/DTD/xhtml1-transitional.dtd">
<html xmlns="http://www.w3.org/1999/xhtml" xml:lang="en" lang="en">
 <head>
  <title>
</title>
<meta http-equiv="Content-Type" content="text/html;charset=utf-8" />
  <meta name='ocr-system' content='tesseract 3.04.00' />
  <meta name='ocr-capabilities' content='ocr_page ocr_carea ocr_par ocr_line ocrx_word'/>
</head>
<body>
  <div class='ocr_page' id='page_1' title='image "./deargumentidisp00grylgoog_0027.png"; bbox 0 0 2916 4834; ppageno 0'>
   <div class='ocr_carea' id='block_1_1' title="bbox 712 415 886 481">
    <p class='ocr_par' dir='ltr' id='par_1_1' title="bbox 712 415 886 481">
     <span class='ocr_line' id='line_1_1' title="bbox 712 415 886 481; baseline -0.017 -19"><span class='ocrx_word' id='word_1_1' title='bbox 712 415 886 481; x_wconf 63' lang='lat'>„20-</span> 
     </span>
    </p>
   </div>
   <div class='ocr_carea' id='block_1_2' title="bbox 284 591 1445 695">
    <p class='ocr_par' dir='ltr' id='par_1_2' title="bbox 284 591 1445 695">
     <span class='ocr_line' id='line_1_2' title="bbox 284 591 1445 695; baseline -0.001 -36"><span class='ocrx_word' id='word_1_2' title='bbox 284 678 286 695; x_wconf 39' lang='lat'><strong>¹</strong></span> <span class='ocrx_word' id='word_1_3' title='bbox 373 592 543 674; x_wconf 83' lang='lat' dir='ltr'>liversus‚</span> <span class='ocrx_word' id='word_1_4' title='bbox 574 595 629 678; x_wconf 93' lang='lat' dir='ltr'>qui</span> <span class='ocrx_word' id='word_1_5' title='bbox 652 596 828 678; x_wconf 85' lang='lat' dir='ltr'>sequuntur</span> <span class='ocrx_word' id='word_1_6' title='bbox 850 592 1064 676; x_wconf 70' lang='lat' dir='ltr'>(rw-142),</span> <span class='ocrx_word' id='word_1_7' title='bbox 1088 591 1172 658; x_wconf 86' lang='lat' dir='ltr'>inter</span> <span class='ocrx_word' id='word_1_8' title='bbox 1195 593 1330 677; x_wconf 85' lang='lat' dir='ltr'>optimos</span> <span class='ocrx_word' id='word_1_9' title='bbox 1444 593 1445 602; x_wconf 73' lang='grc'>’</span> 
     </span>
    </p>
   </div>
   <div class='ocr_carea' id='block_1_3' title="bbox 205 719 1334 2304">
    <p class='ocr_par' dir='ltr' id='par_1_3' title="bbox 266 719 1330 1678">
     <span class='ocr_line' id='line_1_3' title="bbox 266 719 1329 805; baseline -0.006 -18"><span class='ocrx_word' id='word_1_10' title='bbox 266 722 454 787; x_wconf 90' lang='lat' dir='ltr'>numerandi</span> <span class='ocrx_word' id='word_1_11' title='bbox 477 724 560 786; x_wconf 88' lang='lat' dir='ltr'>sunt.</span> <span class='ocrx_word' id='word_1_12' title='bbox 606 719 739 784; x_wconf 91' lang='lat' dir='ltr'>Nullum</span> <span class='ocrx_word' id='word_1_13' title='bbox 761 721 808 784; x_wconf 90' lang='lat' dir='ltr'>ibi</span> <span class='ocrx_word' id='word_1_14' title='bbox 829 721 964 785; x_wconf 85' lang='lat' dir='ltr'>verbum</span> <span class='ocrx_word' id='word_1_15' title='bbox 986 741 1258 805; x_wconf 84' lang='lat' dir='ltr'>supervacaneum</span> <span class='ocrx_word' id='word_1_16' title='bbox 1271 722 1329 800; x_wconf 74' lang='lat' dir='ltr'>est,</span> 
     </span>
     <span class='ocr_line' id='line_1_4' title="bbox 266 844 1329 929; baseline -0.002 -17"><span class='ocrx_word' id='word_1_17' title='bbox 266 848 372 912; x_wconf 84' lang='lat' dir='ltr'>omnia</span> <span class='ocrx_word' id='word_1_18' title='bbox 395 847 479 911; x_wconf 89' lang='lat' dir='ltr'>inter</span> <span class='ocrx_word' id='word_1_19' title='bbox 501 867 535 910; x_wconf 89' lang='lat' dir='ltr'>se</span> <span class='ocrx_word' id='word_1_20' title='bbox 560 851 633 928; x_wconf 89' lang='lat' dir='ltr'>apte</span> <span class='ocrx_word' id='word_1_21' title='bbox 650 844 820 924; x_wconf 84' lang='lat' dir='ltr'>cohaerent,</span> <span class='ocrx_word' id='word_1_22' title='bbox 837 845 864 908; x_wconf 88' lang='lat' dir='ltr'>si</span> <span class='ocrx_word' id='word_1_23' title='bbox 880 845 1009 928; x_wconf 89' lang='lat' dir='ltr'>quidem</span> <span class='ocrx_word' id='word_1_24' title='bbox 1027 845 1125 910; x_wconf 87' lang='lat' dir='ltr'>animi</span> <span class='ocrx_word' id='word_1_25' title='bbox 1140 845 1216 910; x_wconf 90' lang='lat' dir='ltr'>irati</span> <span class='ocrx_word' id='word_1_26' title='bbox 1228 849 1329 929; x_wconf 85' lang='lat' dir='ltr'>poetae</span> 
     </span>
     <span class='ocr_line' id='line_1_5' title="bbox 266 969 1329 1054; baseline 0.001 -19"><span class='ocrx_word' id='word_1_27' title='bbox 266 972 513 1050; x_wconf 67' lang='lat' dir='ltr'>meminerimus</span> <span class='ocrx_word' id='word_1_28' title='bbox 537 992 599 1054; x_wconf 92' lang='lat' dir='ltr'>quo</span> <span class='ocrx_word' id='word_1_29' title='bbox 622 969 788 1034; x_wconf 86' lang='lat' dir='ltr'>sententiis</span> <span class='ocrx_word' id='word_1_30' title='bbox 807 970 962 1034; x_wconf 60' lang='lat' dir='ltr'>‘brevibus</span> <span class='ocrx_word' id='word_1_31' title='bbox 985 970 1067 1034; x_wconf 88' lang='lat' dir='ltr'>iram</span> <span class='ocrx_word' id='word_1_32' title='bbox 1091 971 1253 1035; x_wconf 89' lang='lat' dir='ltr'>effundere</span> <span class='ocrx_word' id='word_1_33' title='bbox 1278 993 1329 1036; x_wconf 96' lang='lat' dir='ltr'>co-</span> 
     </span>
     <span class='ocr_line' id='line_1_6' title="bbox 267 1095 1330 1182; baseline 0 -22"><span class='ocrx_word' id='word_1_34' title='bbox 267 1097 365 1182; x_wconf 82' lang='lat' dir='ltr'>gitur.</span> <span class='ocrx_word' id='word_1_35' title='bbox 415 1095 518 1171; x_wconf 79' lang='lat' dir='ltr'>Quam</span> <span class='ocrx_word' id='word_1_36' title='bbox 552 1095 635 1159; x_wconf 88' lang='lat' dir='ltr'>iram</span> <span class='ocrx_word' id='word_1_37' title='bbox 670 1116 706 1158; x_wconf 92' lang='lat' dir='ltr'>eo</span> <span class='ocrx_word' id='word_1_38' title='bbox 741 1115 826 1178; x_wconf 87' lang='lat' dir='ltr'>saepe</span> <span class='ocrx_word' id='word_1_39' title='bbox 858 1096 992 1178; x_wconf 84' lang='lat' dir='ltr'>prodere</span> <span class='ocrx_word' id='word_1_40' title='bbox 1016 1096 1096 1160; x_wconf 87' lang='lat' dir='ltr'>solet</span> <span class='ocrx_word' id='word_1_41' title='bbox 1119 1099 1223 1179; x_wconf 85' lang='lat' dir='ltr'>poeta,</span> <span class='ocrx_word' id='word_1_42' title='bbox 1247 1097 1330 1180; x_wconf 89' lang='lat' dir='ltr'>quod</span> 
     </span>
     <span class='ocr_line' id='line_1_7' title="bbox 267 1220 1328 1306; baseline 0 -20"><span class='ocrx_word' id='word_1_43' title='bbox 267 1222 406 1305; x_wconf 79' lang='lat' dir='ltr'>aliquem</span> <span class='ocrx_word' id='word_1_44' title='bbox 428 1221 610 1305; x_wconf 88' lang='lat' dir='ltr'>loquentem</span> <span class='ocrx_word' id='word_1_45' title='bbox 633 1220 738 1284; x_wconf 89' lang='lat' dir='ltr'>subito</span> <span class='ocrx_word' id='word_1_46' title='bbox 760 1220 883 1284; x_wconf 91' lang='lat' dir='ltr'>inducit</span> <span class='ocrx_word' id='word_1_47' title='bbox 905 1221 1012 1285; x_wconf 86' lang='lat' dir='ltr'>verbis</span> <span class='ocrx_word' id='word_1_48' title='bbox 1035 1223 1188 1300; x_wconf 83' lang='lat' dir='ltr'>utentem,</span> <span class='ocrx_word' id='word_1_49' title='bbox 1212 1222 1328 1306; x_wconf 88' lang='lat' dir='ltr'>quibus</span> 
     </span>
     <span class='ocr_line' id='line_1_8' title="bbox 266 1324 1329 1430; baseline -0.001 -19"><span class='ocrx_word' id='word_1_50' title='bbox 266 1347 355 1411; x_wconf 85' lang='lat' dir='ltr'>nulla</span> <span class='ocrx_word' id='word_1_51' title='bbox 379 1347 418 1410; x_wconf 90' lang='lat' dir='ltr'>ad</span> <span class='ocrx_word' id='word_1_52' title='bbox 440 1324 725 1429; x_wconf 85' lang='lat' dir='ltr'>importunitatem,</span> <span class='ocrx_word' id='word_1_53' title='bbox 750 1345 788 1409; x_wconf 91' lang='lat' dir='ltr'>de</span> <span class='ocrx_word' id='word_1_54' title='bbox 811 1367 875 1429; x_wconf 88' lang='lat' dir='ltr'>qua</span> <span class='ocrx_word' id='word_1_55' title='bbox 898 1344 1016 1430; x_wconf 83' lang='lat' dir='ltr'>agitur,</span> <span class='ocrx_word' id='word_1_56' title='bbox 1033 1347 1245 1410; x_wconf 76' lang='lat' dir='ltr'>cavillandum</span> <span class='ocrx_word' id='word_1_57' title='bbox 1261 1369 1329 1410; x_wconf 87' lang='lat' dir='ltr'>ma·</span> 
     </span>
     <span class='ocr_line' id='line_1_9' title="bbox 267 1469 1329 1558; baseline -0.001 -22"><span class='ocrx_word' id='word_1_58' title='bbox 267 1472 318 1558; x_wconf 86' lang='lat' dir='ltr'>gis</span> <span class='ocrx_word' id='word_1_59' title='bbox 341 1472 454 1535; x_wconf 88' lang='lat' dir='ltr'>idonea</span> <span class='ocrx_word' id='word_1_60' title='bbox 477 1470 613 1555; x_wconf 85' lang='lat' dir='ltr'>cogitari</span> <span class='ocrx_word' id='word_1_61' title='bbox 634 1472 776 1554; x_wconf 88' lang='lat' dir='ltr'>possunt.</span> <span class='ocrx_word' id='word_1_62' title='bbox 823 1469 919 1535; x_wconf 75' lang='lat' dir='ltr'>Cuius</span> <span class='ocrx_word' id='word_1_63' title='bbox 943 1470 1070 1556; x_wconf 85' lang='lat' dir='ltr'>generis</span> <span class='ocrx_word' id='word_1_64' title='bbox 1093 1474 1168 1534; x_wconf 88' lang='lat' dir='ltr'>sunt</span> <span class='ocrx_word' id='word_1_65' title='bbox 1190 1495 1239 1536; x_wconf 83' lang='lat' dir='ltr'>vv.</span> <span class='ocrx_word' id='word_1_66' title='bbox 1266 1472 1329 1537; x_wconf 86' lang='grc'><strong>132</strong></span> 
     </span>
     <span class='ocr_line' id='line_1_10' title="bbox 270 1595 431 1678; baseline 0 -18"><span class='ocrx_word' id='word_1_67' title='bbox 270 1597 388 1662; x_wconf 86' lang='grc'><strong>-135,</strong></span> <span class='ocrx_word' id='word_1_68' title='bbox 406 1595 431 1678; x_wconf 89' lang='lat'>¹)</span> 
     </span>
    </p>

    <p class='ocr_par' dir='ltr' id='par_1_4' title="bbox 205 1717 1334 2304">
     <span class='ocr_line' id='line_1_11' title="bbox 374 1717 1332 1803; baseline 0.001 -19"><span class='ocrx_word' id='word_1_69' title='bbox 374 1717 413 1784; x_wconf 91' lang='lat' dir='ltr'>ln</span> <span class='ocrx_word' id='word_1_70' title='bbox 446 1720 614 1803; x_wconf 71' lang='lat' dir='ltr'>postremis</span> <span class='ocrx_word' id='word_1_71' title='bbox 648 1719 742 1784; x_wconf 87' lang='lat' dir='ltr'>huius</span> <span class='ocrx_word' id='word_1_72' title='bbox 777 1721 883 1784; x_wconf 87' lang='lat' dir='ltr'>satirae</span> <span class='ocrx_word' id='word_1_73' title='bbox 913 1720 1058 1785; x_wconf 85' lang='lat' dir='ltr'>versibus</span> <span class='ocrx_word' id='word_1_74' title='bbox 1088 1722 1211 1787; x_wconf 87' lang='lat' dir='ltr'>duabus</span> <span class='ocrx_word' id='word_1_75' title='bbox 1236 1724 1332 1787; x_wconf 91' lang='lat' dir='ltr'>rebus</span> 
     </span>
     <span class='ocr_line' id='line_1_12' title="bbox 205 1833 1332 1930; baseline 0 -20"><span class='ocrx_word' id='word_1_76' title='bbox 205 1833 209 1840; x_wconf 47' lang='lat'><strong>⁴</strong></span> <span class='ocrx_word' id='word_1_77' title='bbox 268 1846 468 1910; x_wconf 87' lang='lat' dir='ltr'>offendimur.</span> <span class='ocrx_word' id='word_1_78' title='bbox 518 1844 662 1909; x_wconf 89' lang='lat' dir='ltr'>Primum</span> <span class='ocrx_word' id='word_1_79' title='bbox 698 1846 789 1910; x_wconf 85' lang='lat' dir='ltr'>enim.</span> <span class='ocrx_word' id='word_1_80' title='bbox 817 1845 982 1928; x_wconf 78' lang='lat' dir='ltr'>quaeritur,</span> <span class='ocrx_word' id='word_1_81' title='bbox 1017 1848 1173 1930; x_wconf 91' lang='lat' dir='ltr'>quomodo</span> <span class='ocrx_word' id='word_1_82' title='bbox 1206 1870 1237 1910; x_wconf 79' lang='lat' dir='ltr'>v.</span> <span class='ocrx_word' id='word_1_83' title='bbox 1270 1847 1332 1910; x_wconf 88' lang='grc'>159</span> 
     </span>
     <span class='ocr_line' id='line_1_13' title="bbox 267 1968 1332 2056; baseline 0 -22"><span class='ocrx_word' id='word_1_84' title='bbox 267 1970 423 2056; x_wconf 85' lang='lat' dir='ltr'>legendus</span> <span class='ocrx_word' id='word_1_85' title='bbox 457 1968 509 2034; x_wconf 87' lang='lat' dir='ltr'>sit.</span> <span class='ocrx_word' id='word_1_86' title='bbox 562 1968 632 2033; x_wconf 91' lang='lat' dir='ltr'>Hoc</span> <span class='ocrx_word' id='word_1_87' title='bbox 668 1970 841 2035; x_wconf 86' lang='lat' dir='ltr'>diiudicare</span> <span class='ocrx_word' id='word_1_88' title='bbox 871 1993 935 2034; x_wconf 91' lang='lat' dir='ltr'>non</span> <span class='ocrx_word' id='word_1_89' title='bbox 955 1971 1148 2053; x_wconf 86' lang='lat' dir='ltr'>poterimus,</span> <span class='ocrx_word' id='word_1_90' title='bbox 1172 1971 1234 2035; x_wconf 89' lang='lat' dir='ltr'>nisi</span> <span class='ocrx_word' id='word_1_91' title='bbox 1257 1993 1332 2037; x_wconf 90' lang='lat' dir='ltr'>con-</span> 
     </span>
     <span class='ocr_line' id='line_1_14' title="bbox 267 2093 1333 2179; baseline -0.001 -20"><span class='ocrx_word' id='word_1_92' title='bbox 267 2096 462 2160; x_wconf 90' lang='lat' dir='ltr'>iunctionem</span> <span class='ocrx_word' id='word_1_93' title='bbox 475 2095 705 2159; x_wconf 86' lang='lat' dir='ltr'>sententiarum</span> <span class='ocrx_word' id='word_1_94' title='bbox 717 2095 805 2178; x_wconf 90' lang='lat' dir='ltr'>prius</span> <span class='ocrx_word' id='word_1_95' title='bbox 818 2095 1067 2179; x_wconf 81' lang='lat' dir='ltr'>cognoverimus.</span> <span class='ocrx_word' id='word_1_96' title='bbox 1107 2093 1177 2159; x_wconf 85' lang='lat' dir='ltr'>lam</span> <span class='ocrx_word' id='word_1_97' title='bbox 1192 2095 1333 2179; x_wconf 85' lang='lat' dir='ltr'>primum</span> 
     </span>
     <span class='ocr_line' id='line_1_15' title="bbox 268 2219 1334 2304; baseline 0 -20"><span class='ocrx_word' id='word_1_98' title='bbox 268 2220 409 2284; x_wconf 90' lang='lat' dir='ltr'>omnium</span> <span class='ocrx_word' id='word_1_99' title='bbox 442 2219 647 2284; x_wconf 86' lang='lat' dir='ltr'>manifestum</span> <span class='ocrx_word' id='word_1_100' title='bbox 681 2223 739 2300; x_wconf 86' lang='lat' dir='ltr'>est,</span> <span class='ocrx_word' id='word_1_101' title='bbox 774 2220 890 2298; x_wconf 73' lang='lat' dir='ltr'>verbio,</span> <span class='ocrx_word' id='word_1_102' title='bbox 925 2241 996 2304; x_wconf 87' lang='lat' dir='ltr'>quae</span> <span class='ocrx_word' id='word_1_103' title='bbox 1032 2223 1106 2284; x_wconf 87' lang='lat' dir='ltr'>sunt</span> <span class='ocrx_word' id='word_1_104' title='bbox 1132 2221 1196 2284; x_wconf 91' lang='lat' dir='ltr'>heu</span> <span class='ocrx_word' id='word_1_105' title='bbox 1222 2220 1334 2284; x_wconf 90' lang='lat' dir='ltr'>miseri</span> 
     </span>
    </p>
   </div>
   <div class='ocr_carea' id='block_1_4' title="bbox 202 2331 1336 2447">
    <p class='ocr_par' dir='ltr' id='par_1_5' title="bbox 202 2331 1336 2447">
     <span class='ocr_line' id='line_1_16' title="bbox 202 2331 1336 2447; baseline -0.001 -39"><span class='ocrx_word' id='word_1_106' title='bbox 202 2375 221 2447; x_wconf 45' lang='grc' dir='ltr'>Ἰ</span> <span class='ocrx_word' id='word_1_107' title='bbox 268 2331 476 2423; x_wconf 80' lang='lat' dir='ltr'>traducimur,</span> <span class='ocrx_word' id='word_1_108' title='bbox 502 2367 540 2408; x_wconf 92' lang='lat' dir='ltr'>ea</span> <span class='ocrx_word' id='word_1_109' title='bbox 562 2345 688 2430; x_wconf 84' lang='lat' dir='ltr'>opponi,</span> <span class='ocrx_word' id='word_1_110' title='bbox 712 2367 782 2429; x_wconf 86' lang='lat' dir='ltr'>quae</span> <span class='ocrx_word' id='word_1_111' title='bbox 799 2348 987 2428; x_wconf 88' lang='lat' dir='ltr'>sequuntur:</span> <span class='ocrx_word' id='word_1_112' title='bbox 1006 2367 1094 2409; x_wconf 87' lang='lat' dir='ltr'>arma</span> <span class='ocrx_word' id='word_1_113' title='bbox 1110 2345 1238 2429; x_wconf 89' lang='lat' dir='ltr'>quidem</span> <span class='ocrx_word' id='word_1_114' title='bbox 1250 2345 1336 2408; x_wconf 88' lang='lat' dir='ltr'>ultra</span> 
     </span>
    </p>
   </div>
   <div class='ocr_carea' id='block_1_5' title="bbox 268 2467 1335 3051">
    <p class='ocr_par' dir='ltr' id='par_1_6' title="bbox 268 2467 1335 3051">
     <span class='ocr_line' id='line_1_17' title="bbox 269 2467 1334 2553; baseline -0.005 -16"><span class='ocrx_word' id='word_1_115' title='bbox 269 2474 331 2537; x_wconf 88' lang='lat' dir='ltr'>cet.</span> <span class='ocrx_word' id='word_1_116' title='bbox 376 2467 462 2534; x_wconf 84' lang='lat' dir='ltr'>Nam</span> <span class='ocrx_word' id='word_1_117' title='bbox 496 2470 524 2534; x_wconf 90' lang='lat' dir='ltr'>si</span> <span class='ocrx_word' id='word_1_118' title='bbox 554 2491 626 2534; x_wconf 92' lang='lat' dir='ltr'>cum</span> <span class='ocrx_word' id='word_1_119' title='bbox 648 2471 839 2553; x_wconf 84' lang='lat' dir='ltr'>quibusdem</span> <span class='ocrx_word' id='word_1_120' title='bbox 862 2470 1036 2535; x_wconf 74' lang='lat' dir='ltr'>editoribus</span> <span class='ocrx_word' id='word_1_121' title='bbox 1059 2471 1157 2535; x_wconf 85' lang='lat' dir='ltr'>verba</span> <span class='ocrx_word' id='word_1_122' title='bbox 1179 2468 1244 2534; x_wconf 90' lang='lat' dir='ltr'>heu</span> <span class='ocrx_word' id='word_1_123' title='bbox 1265 2472 1334 2532; x_wconf 87' lang='lat' dir='ltr'>tra-</span> 
     </span>
     <span class='ocr_line' id='line_1_18' title="bbox 269 2594 1335 2678; baseline -0.001 -19"><span class='ocrx_word' id='word_1_124' title='bbox 269 2595 413 2659; x_wconf 90' lang='lat' dir='ltr'>ducimur</span> <span class='ocrx_word' id='word_1_125' title='bbox 447 2616 519 2658; x_wconf 90' lang='lat' dir='ltr'>cum</span> <span class='ocrx_word' id='word_1_126' title='bbox 548 2594 598 2674; x_wconf 88' lang='lat' dir='ltr'>iis,</span> <span class='ocrx_word' id='word_1_127' title='bbox 627 2617 697 2678; x_wconf 85' lang='lat' dir='ltr'>quae</span> <span class='ocrx_word' id='word_1_128' title='bbox 722 2595 924 2674; x_wconf 80' lang='lat' dir='ltr'>antecedunt,</span> <span class='ocrx_word' id='word_1_129' title='bbox 949 2595 1181 2678; x_wconf 85' lang='lat' dir='ltr'>coniungimus‚</span> <span class='ocrx_word' id='word_1_130' title='bbox 1206 2594 1335 2658; x_wconf 90' lang='lat' dir='ltr'>omnino</span> 
     </span>
     <span class='ocr_line' id='line_1_19' title="bbox 268 2719 1334 2802; baseline -0.001 -20"><span class='ocrx_word' id='word_1_131' title='bbox 268 2741 332 2784; x_wconf 89' lang='lat' dir='ltr'>non</span> <span class='ocrx_word' id='word_1_132' title='bbox 355 2719 456 2798; x_wconf 83' lang='lat' dir='ltr'>video,</span> <span class='ocrx_word' id='word_1_133' title='bbox 490 2719 644 2802; x_wconf 93' lang='lat' dir='ltr'>quomodo</span> <span class='ocrx_word' id='word_1_134' title='bbox 666 2719 814 2784; x_wconf 88' lang='lat' dir='ltr'>transitio</span> <span class='ocrx_word' id='word_1_135' title='bbox 838 2720 877 2783; x_wconf 88' lang='lat' dir='ltr'>ad</span> <span class='ocrx_word' id='word_1_136' title='bbox 901 2741 949 2798; x_wconf 77' lang='lat' dir='ltr'>ea,</span> <span class='ocrx_word' id='word_1_137' title='bbox 972 2741 1043 2802; x_wconf 86' lang='lat' dir='ltr'>quae</span> <span class='ocrx_word' id='word_1_138' title='bbox 1067 2721 1252 2802; x_wconf 74' lang='lat' dir='ltr'>sequuntur,</span> <span class='ocrx_word' id='word_1_139' title='bbox 1277 2719 1334 2782; x_wconf 91' lang='lat' dir='ltr'>de-</span> 
     </span>
     <span class='ocr_line' id='line_1_20' title="bbox 268 2841 1332 2927; baseline -0.001 -20"><span class='ocrx_word' id='word_1_140' title='bbox 268 2844 429 2909; x_wconf 82' lang='lat' dir='ltr'>fendatur.</span> <span class='ocrx_word' id='word_1_141' title='bbox 471 2842 554 2907; x_wconf 89' lang='lat' dir='ltr'>‘Hoc</span> <span class='ocrx_word' id='word_1_142' title='bbox 589 2844 674 2907; x_wconf 92' lang='lat' dir='ltr'>enim</span> <span class='ocrx_word' id='word_1_143' title='bbox 703 2846 798 2927; x_wconf 88' lang='lat' dir='ltr'>poeta</span> <span class='ocrx_word' id='word_1_144' title='bbox 822 2843 915 2908; x_wconf 86' lang='lat' dir='ltr'>dicit:</span> <span class='ocrx_word' id='word_1_145' title='bbox 939 2843 1003 2906; x_wconf 91' lang='lat' dir='ltr'>heu</span> <span class='ocrx_word' id='word_1_146' title='bbox 1026 2843 1222 2907; x_wconf 78' lang='lat' dir='ltr'>traducimur</span> <span class='ocrx_word' id='word_1_147' title='bbox 1245 2841 1281 2924; x_wconf 87' lang='lat' dir='ltr'>(i.</span> <span class='ocrx_word' id='word_1_148' title='bbox 1305 2863 1332 2906; x_wconf 93' lang='lat' dir='ltr'>e.</span> 
     </span>
     <span class='ocr_line' id='line_1_21' title="bbox 268 2966 1332 3051; baseline -0.003 -19"><span class='ocrx_word' id='word_1_149' title='bbox 268 2967 426 3032; x_wconf 75' lang='lat' dir='ltr'>nobismet</span> <span class='ocrx_word' id='word_1_150' title='bbox 459 2968 522 3051; x_wconf 89' lang='lat' dir='ltr'>ipsi</span> <span class='ocrx_word' id='word_1_151' title='bbox 555 2967 693 3033; x_wconf 90' lang='lat' dir='ltr'>ludibrio</span> <span class='ocrx_word' id='word_1_152' title='bbox 727 2966 863 3050; x_wconf 84' lang='lat' dir='ltr'>sumus):</span> <span class='ocrx_word' id='word_1_153' title='bbox 899 2966 975 3032; x_wconf 87' lang='lat' dir='ltr'>foris</span> <span class='ocrx_word' id='word_1_154' title='bbox 1005 2968 1091 3032; x_wconf 90' lang='lat' dir='ltr'>enim</span> <span class='ocrx_word' id='word_1_155' title='bbox 1118 2966 1332 3051; x_wconf 89' lang='lat' dir='ltr'>potentissimi</span> 
     </span>
    </p>
   </div>
   <div class='ocr_carea' id='block_1_6' title="bbox 267 3214 1334 3462">
    <p class='ocr_par' dir='ltr' id='par_1_7' title="bbox 267 3214 1334 3462">
     <span class='ocr_line' id='line_1_22' title="bbox 269 3214 1332 3285; baseline 0 -15"><span class='ocrx_word' id='word_1_156' title='bbox 269 3214 442 3285; x_wconf 81' lang='lat' dir='ltr'>dignationis</span> <span class='ocrx_word' id='word_1_157' title='bbox 468 3215 546 3284; x_wconf 89' lang='lat' dir='ltr'>pleni</span> <span class='ocrx_word' id='word_1_158' title='bbox 572 3214 710 3269; x_wconf 88' lang='lat' dir='ltr'>invidiam</span> <span class='ocrx_word' id='word_1_159' title='bbox 737 3219 827 3285; x_wconf 84' lang='lat' dir='ltr'>poetae</span> <span class='ocrx_word' id='word_1_160' title='bbox 855 3215 1033 3270; x_wconf 86' lang='lat' dir='ltr'>vehementer</span> <span class='ocrx_word' id='word_1_161' title='bbox 1059 3215 1188 3284; x_wconf 86' lang='lat' dir='ltr'>pingunt.</span> <span class='ocrx_word' id='word_1_162' title='bbox 1236 3215 1332 3283; x_wconf 86' lang='lat' dir='ltr'>Neque</span> 
     </span>
     <span class='ocr_line' id='line_1_23' title="bbox 267 3303 1334 3374; baseline -0.003 -15"><span class='ocrx_word' id='word_1_163' title='bbox 267 3304 434 3374; x_wconf 87' lang='lat' dir='ltr'>posteriores</span> <span class='ocrx_word' id='word_1_164' title='bbox 453 3304 507 3358; x_wconf 92' lang='lat' dir='ltr'>duo</span> <span class='ocrx_word' id='word_1_165' title='bbox 526 3304 682 3358; x_wconf 85' lang='lat' dir='ltr'>damnandi·</span> <span class='ocrx_word' id='word_1_166' title='bbox 699 3308 771 3370; x_wconf 89' lang='lat' dir='ltr'>sunt,</span> <span class='ocrx_word' id='word_1_167' title='bbox 785 3304 859 3373; x_wconf 91' lang='lat' dir='ltr'>quod</span> <span class='ocrx_word' id='word_1_168' title='bbox 872 3303 943 3357; x_wconf 89' lang='lat' dir='ltr'>nihil</span> <span class='ocrx_word' id='word_1_169' title='bbox 956 3303 1012 3357; x_wconf 89' lang='lat' dir='ltr'>nisi</span> <span class='ocrx_word' id='word_1_170' title='bbox 1025 3304 1182 3359; x_wconf 79' lang='lat' dir='ltr'>doctrinam</span> <span class='ocrx_word' id='word_1_171' title='bbox 1193 3303 1334 3372; x_wconf 88' lang='lat' dir='ltr'>copiosam</span> 
     </span>
     <span class='ocr_line' id='line_1_24' title="bbox 268 3391 1333 3462; baseline -0.002 -15"><span class='ocrx_word' id='word_1_172' title='bbox 268 3393 479 3462; x_wconf 83' lang='lat' dir='ltr'>interpolatoris</span> <span class='ocrx_word' id='word_1_173' title='bbox 505 3393 663 3447; x_wconf 83' lang='lat' dir='ltr'>ostendant.</span> <span class='ocrx_word' id='word_1_174' title='bbox 700 3392 921 3447; x_wconf 82' lang='lat' dir='ltr'>Innumerabiles</span> <span class='ocrx_word' id='word_1_175' title='bbox 946 3393 1003 3447; x_wconf 88' lang='lat' dir='ltr'>fere</span> <span class='ocrx_word' id='word_1_176' title='bbox 1022 3396 1087 3446; x_wconf 85' lang='lat' dir='ltr'>sunt</span> <span class='ocrx_word' id='word_1_177' title='bbox 1105 3392 1127 3445; x_wconf 90' lang='lat' dir='ltr'>ii</span> <span class='ocrx_word' id='word_1_178' title='bbox 1146 3409 1240 3447; x_wconf 85' lang='lat' dir='ltr'>versus</span> <span class='ocrx_word' id='word_1_179' title='bbox 1259 3391 1333 3461; x_wconf 89' lang='lat' dir='ltr'>apud</span> 
     </span>
    </p>
   </div>
   <div class='ocr_carea' id='block_1_7' title="bbox 269 3449 1450 3554">
    <p class='ocr_par' dir='ltr' id='par_1_8' title="bbox 269 3449 1450 3554">
     <span class='ocr_line' id='line_1_25' title="bbox 269 3449 1450 3554; baseline -0.002 -18"><span class='ocrx_word' id='word_1_180' title='bbox 269 3483 438 3546; x_wconf 86' lang='lat' dir='ltr'>Iuvenalem,</span> <span class='ocrx_word' id='word_1_181' title='bbox 451 3481 553 3550; x_wconf 88' lang='lat' dir='ltr'>quibus</span> <span class='ocrx_word' id='word_1_182' title='bbox 567 3481 703 3536; x_wconf 87' lang='lat' dir='ltr'>eiusmodi</span> <span class='ocrx_word' id='word_1_183' title='bbox 715 3500 806 3536; x_wconf 90' lang='lat' dir='ltr'>rerum</span> <span class='ocrx_word' id='word_1_184' title='bbox 819 3481 1008 3551; x_wconf 80' lang='lat' dir='ltr'>cognitionem</span> <span class='ocrx_word' id='word_1_185' title='bbox 1021 3481 1123 3554; x_wconf 77' lang='lat' dir='ltr'>prodit,</span> <span class='ocrx_word' id='word_1_186' title='bbox 1137 3499 1227 3551; x_wconf 89' lang='lat' dir='ltr'>neque</span> <span class='ocrx_word' id='word_1_187' title='bbox 1240 3484 1334 3535; x_wconf 86' lang='lat' dir='ltr'>tamen</span> <span class='ocrx_word' id='word_1_188' title='bbox 1449 3449 1450 3500; x_wconf 47' lang='lat' dir='ltr'>t</span> 
     </span>
    </p>
   </div>
   <div class='ocr_carea' id='block_1_8' title="bbox 269 3565 1450 3640">
    <p class='ocr_par' dir='ltr' id='par_1_9' title="bbox 269 3565 1450 3640">
     <span class='ocr_line' id='line_1_26' title="bbox 269 3565 1450 3640; baseline -0.003 -15"><span class='ocrx_word' id='word_1_189' title='bbox 269 3571 292 3624; x_wconf 88' lang='lat' dir='ltr'>ii</span> <span class='ocrx_word' id='word_1_190' title='bbox 318 3587 413 3625; x_wconf 84' lang='lat' dir='ltr'>versus</span> <span class='ocrx_word' id='word_1_191' title='bbox 441 3588 458 3625; x_wconf 82' lang='lat' dir='ltr'>a</span> <span class='ocrx_word' id='word_1_192' title='bbox 483 3571 516 3624; x_wconf 78' lang='lat' dir='ltr'>n.</span> <span class='ocrx_word' id='word_1_193' title='bbox 535 3573 710 3640; x_wconf 88' lang='lat' dir='ltr'>respuuntur.</span> <span class='ocrx_word' id='word_1_194' title='bbox 746 3571 823 3624; x_wconf 89' lang='lat' dir='ltr'>Num</span> <span class='ocrx_word' id='word_1_195' title='bbox 841 3571 874 3626; x_wconf 91' lang='lat' dir='ltr'>V.</span> <span class='ocrx_word' id='word_1_196' title='bbox 896 3571 954 3634; x_wconf 90' lang='lat'>115,</span> <span class='ocrx_word' id='word_1_197' title='bbox 977 3570 1106 3634; x_wconf 84' lang='lat'>151-52‚</span> <span class='ocrx_word' id='word_1_198' title='bbox 1126 3569 1173 3624; x_wconf 89' lang='lat' dir='ltr'>VI.</span> <span class='ocrx_word' id='word_1_199' title='bbox 1193 3570 1244 3623; x_wconf 78' lang='lat'>325</span> <span class='ocrx_word' id='word_1_200' title='bbox 1264 3568 1334 3624; x_wconf 85' lang='lat' dir='ltr'>alios</span> <span class='ocrx_word' id='word_1_201' title='bbox 1449 3565 1450 3598; x_wconf 68' lang='lat'><em>³</em></span> 
     </span>
    </p>
   </div>
   <div class='ocr_carea' id='block_1_9' title="bbox 268 3655 1335 4083">
    <p class='ocr_par' dir='ltr' id='par_1_10' title="bbox 268 3655 1335 3892">
     <span class='ocr_line' id='line_1_27' title="bbox 269 3655 1335 3729; baseline -0.006 -13"><span class='ocrx_word' id='word_1_202' title='bbox 269 3661 305 3716; x_wconf 91' lang='lat' dir='ltr'>ob</span> <span class='ocrx_word' id='word_1_203' title='bbox 324 3661 397 3714; x_wconf 83' lang='lat' dir='ltr'>hunc</span> <span class='ocrx_word' id='word_1_204' title='bbox 416 3675 528 3714; x_wconf 85' lang='lat' dir='ltr'>causam</span> <span class='ocrx_word' id='word_1_205' title='bbox 546 3658 646 3714; x_wconf 75' lang='lat' dir='ltr'>reicit?</span> <span class='ocrx_word' id='word_1_206' title='bbox 683 3659 764 3725; x_wconf 80' lang='lat' dir='ltr'>Quid,</span> <span class='ocrx_word' id='word_1_207' title='bbox 783 3658 808 3713; x_wconf 88' lang='lat' dir='ltr'>si</span> <span class='ocrx_word' id='word_1_208' title='bbox 825 3660 910 3729; x_wconf 85' lang='lat' dir='ltr'>poeta</span> <span class='ocrx_word' id='word_1_209' title='bbox 927 3659 963 3712; x_wconf 94' lang='grc' dir='ltr'>Π.</span> <span class='ocrx_word' id='word_1_210' title='bbox 978 3659 1028 3713; x_wconf 86' lang='lat'>100</span> <span class='ocrx_word' id='word_1_211' title='bbox 1042 3658 1075 3713; x_wconf 91' lang='lat' dir='ltr'>de</span> <span class='ocrx_word' id='word_1_212' title='bbox 1088 3657 1199 3713; x_wconf 84' lang='lat' dir='ltr'>Actoris</span> <span class='ocrx_word' id='word_1_213' title='bbox 1213 3655 1335 3712; x_wconf 83' lang='lat' dir='ltr'>Aurunci</span> 
     </span>
     <span class='ocr_line' id='line_1_28' title="bbox 269 3744 1335 3819; baseline -0.005 -15"><span class='ocrx_word' id='word_1_214' title='bbox 269 3748 359 3819; x_wconf 86' lang='lat' dir='ltr'>spolio</span> <span class='ocrx_word' id='word_1_215' title='bbox 379 3748 510 3817; x_wconf 87' lang='lat' dir='ltr'>loquitur,</span> <span class='ocrx_word' id='word_1_216' title='bbox 536 3765 628 3802; x_wconf 91' lang='lat' dir='ltr'>nonne</span> <span class='ocrx_word' id='word_1_217' title='bbox 646 3747 678 3801; x_wconf 76' lang='lat' dir='ltr'>a.</span> <span class='ocrx_word' id='word_1_218' title='bbox 698 3747 751 3802; x_wconf 89' lang='lat' dir='ltr'>hoc</span> <span class='ocrx_word' id='word_1_219' title='bbox 770 3746 887 3817; x_wconf 82' lang='lat' dir='ltr'>copiosae</span> <span class='ocrx_word' id='word_1_220' title='bbox 906 3746 1041 3802; x_wconf 83' lang='lat' dir='ltr'>doctrinae</span> <span class='ocrx_word' id='word_1_221' title='bbox 1060 3747 1255 3802; x_wconf 80' lang='lat' dir='ltr'>documentum</span> <span class='ocrx_word' id='word_1_222' title='bbox 1276 3744 1335 3800; x_wconf 86' lang='lat' dir='ltr'>sine</span> 
     </span>
     <span class='ocr_line' id='line_1_29' title="bbox 268 3836 668 3892; baseline -0.008 0"><span class='ocrx_word' id='word_1_223' title='bbox 268 3838 330 3892; x_wconf 89' lang='lat' dir='ltr'>ulla</span> <span class='ocrx_word' id='word_1_224' title='bbox 349 3836 526 3892; x_wconf 88' lang='lat' dir='ltr'>dubitatione</span> <span class='ocrx_word' id='word_1_225' title='bbox 545 3836 668 3892; x_wconf 77' lang='lat' dir='ltr'>retinet?</span> 
     </span>
    </p>

    <p class='ocr_par' dir='ltr' id='par_1_11' title="bbox 268 3921 1335 4083">
     <span class='ocr_line' id='line_1_30' title="bbox 380 3921 1335 3994; baseline -0.003 -14"><span class='ocrx_word' id='word_1_226' title='bbox 380 3925 399 3994; x_wconf 85' lang='lat'>¹)</span> <span class='ocrx_word' id='word_1_227' title='bbox 420 3925 586 3994; x_wconf 79' lang='lat' dir='ltr'>Comparare</span> <span class='ocrx_word' id='word_1_228' title='bbox 613 3924 682 3980; x_wconf 89' lang='lat' dir='ltr'>licet</span> <span class='ocrx_word' id='word_1_229' title='bbox 704 3925 725 3979; x_wconf 91' lang='lat' dir='ltr'><strong>L</strong></span> <span class='ocrx_word' id='word_1_230' title='bbox 751 3925 801 3980; x_wconf 88' lang='lat'>101</span> <span class='ocrx_word' id='word_1_231' title='bbox 822 3925 867 3988; x_wconf 84' lang='lat' dir='ltr'>(da</span> <span class='ocrx_word' id='word_1_232' title='bbox 886 3923 1009 3994; x_wconf 69' lang='lat' dir='ltr'>praetori,</span> <span class='ocrx_word' id='word_1_233' title='bbox 1029 3924 1065 3980; x_wconf 82' lang='lat' dir='ltr'>da</span> <span class='ocrx_word' id='word_1_234' title='bbox 1084 3924 1183 3980; x_wconf 89' lang='lat' dir='ltr'>deinde</span> <span class='ocrx_word' id='word_1_235' title='bbox 1202 3921 1335 3990; x_wconf 80' lang='lat' dir='ltr'>tribuno).</span> 
     </span>
     <span class='ocr_line' id='line_1_31' title="bbox 268 4011 1335 4083; baseline -0.006 -13"><span class='ocrx_word' id='word_1_236' title='bbox 268 4017 317 4070; x_wconf 88' lang='lat'>111.</span> <span class='ocrx_word' id='word_1_237' title='bbox 338 4015 389 4070; x_wconf 80' lang='lat'>184</span> <span class='ocrx_word' id='word_1_238' title='bbox 406 4013 475 4083; x_wconf 83' lang='lat' dir='ltr'>quid</span> <span class='ocrx_word' id='word_1_239' title='bbox 494 4014 552 4080; x_wconf 84' lang='lat' dir='ltr'>das,</span> <span class='ocrx_word' id='word_1_240' title='bbox 571 4017 603 4070; x_wconf 92' lang='lat' dir='ltr'>ut</span> <span class='ocrx_word' id='word_1_241' title='bbox 622 4012 736 4069; x_wconf 82' lang='lat' dir='ltr'>Cossum</span> <span class='ocrx_word' id='word_1_242' title='bbox 756 4014 908 4083; x_wconf 84' lang='lat' dir='ltr'>aliquando</span> <span class='ocrx_word' id='word_1_243' title='bbox 927 4012 1051 4082; x_wconf 84' lang='lat' dir='ltr'>salutes),</span> <span class='ocrx_word' id='word_1_244' title='bbox 1065 4013 1099 4068; x_wconf 89' lang='lat' dir='ltr'>V.</span> <span class='ocrx_word' id='word_1_245' title='bbox 1115 4013 1165 4067; x_wconf 85' lang='lat'>135</span> <span class='ocrx_word' id='word_1_246' title='bbox 1178 4013 1215 4066; x_wconf 88' lang='lat' dir='ltr'>da</span> <span class='ocrx_word' id='word_1_247' title='bbox 1227 4011 1335 4075; x_wconf 81' lang='lat' dir='ltr'>Trebio,</span> 
     </span>
    </p>
   </div>
   <div class='ocr_carea' id='block_1_10' title="bbox 269 4102 565 4175">
    <p class='ocr_par' dir='ltr' id='par_1_12' title="bbox 269 4102 565 4175">
     <span class='ocr_line' id='line_1_32' title="bbox 269 4102 565 4175; baseline -0.003 -16"><span class='ocrx_word' id='word_1_248' title='bbox 269 4121 341 4175; x_wconf 89' lang='lat' dir='ltr'>pone</span> <span class='ocrx_word' id='word_1_249' title='bbox 360 4104 395 4158; x_wconf 88' lang='lat' dir='ltr'>ad</span> <span class='ocrx_word' id='word_1_250' title='bbox 414 4102 565 4172; x_wconf 83' lang='lat' dir='ltr'>Trebium).</span> 
     </span>
    </p>
   </div>
   <div class='ocr_carea' id='block_1_11' title="bbox 0 0 1468 4834">
    <p class='ocr_par' dir='ltr' id='par_1_13' title="bbox 0 0 1468 4834">
     <span class='ocr_line' id='line_1_33' title="bbox 0 0 1468 4834; baseline 0 0"><span class='ocrx_word' id='word_1_251' title='bbox 0 0 1468 4834; x_wconf 95' lang='lat' dir='ltr'> </span> 
     </span>
    </p>
   </div>
  </div>
 </body>
</html>
