2916 4834
717 390 891 454 ..56-

270 573 373 653 poetae
410 570 528 634 alienos
563 591 630 632 esse
665 569 867 647 arbitremur,
901 589 965 632 nun
998 567 1045 630 ita
1079 565 1179 630 multu
1208 569 1285 649 post
1309 566 1349 629 in

270 717 398 759 uersum
431 694 617 773 incidemus
652 715 747 776 quem
781 715 902 757 summo
932 692 1000 755 iure
1023 713 1082 774 pro
1105 690 1213 774 spurio
1236 689 1352 755 habe·

272 841 372 884 amus.
419 819 479 882 Est
502 818 541 882 51

400 1020 459 1060 666
483 1001 585 1060 eadem
607 1000 691 1060 vobis
714 1000 784 1076 poni
806 997 894 1059 duodo
917 999 986 1058 vina
1010 999 1174 1074 querebar?

182 1264 185 1272 ¹
272 1190 472 1275 Quamquam
505 1212 577 1255 cum
611 1193 700 1255 tanto
730 1191 872 1254 virorum
895 1191 1059 1254 doctorum
1083 1210 1238 1254 consensu
1262 1208 1345 1252 cou-

273 1317 439 1380 demnatus
464 1315 515 1395 sit,
538 1316 593 1380 arx
616 1337 694 1399 opus
718 1319 766 1379 est
788 1315 882 1399 plura
905 1313 1032 1378 addere.
1070 1311 1146 1377 Non
1161 1335 1250 1376 raras
1267 1335 1343 1378 esse

272 1441 356 1525 apud
380 1437 564 1504 Iuvenalem
587 1440 863 1524 interrogationes
887 1461 972 1522 saepe
996 1439 1199 1515 ostendimuS,
1217 1441 1251 1502 at
1266 1437 1343 1502 haec

271 1564 492 1649 interrogatio,
528 1565 566 1628 de
601 1586 664 1647 qua
697 1585 781 1628 nunc
797 1595 800 1600 ·
815 1565 932 1649 agitur,
963 1563 1029 1628 sola
1053 1563 1102 1627 sui
1125 1562 1256 1648 generis
1277 1567 1343 1627 est.

272 1687 345 1754 Sive
381 1689 465 1753 enim
499 1711 645 1773 quaenam
679 1689 762 1753 ratio
797 1689 974 1753 intercedat
1007 1689 1091 1752 inter
1126 1709 1196 1751 eam
1226 1690 1260 1750 et
1283 1709 1343 1751 eos

271 1835 392 1893 versus,
428 1813 483 1896 qui
517 1816 611 1877 antea
644 1813 805 1898 leguntur,
838 1813 904 1878 sive
935 1813 1070 1877 formam
1092 1811 1342 1897 grammaticam

271 1938 468 2022 respicimus,
492 1939 577 2002 idem
599 1938 752 2002 iudicium
776 1938 846 2001 erit.

377 2061 454 2126 Post
487 2084 517 2126 v.
554 2063 595 2136 63
625 2063 686 2126 duo
708 2062 760 2126 vel
782 2064 818 2126 ut
841 2062 896 2126 alii
919 2063 1113 2127 contendunt
1135 2064 1201 2124 tres
1225 2019 1342 2124 versus

271 2186 439 2265 adduntur,
473 2187 587 2270 quibus
621 2190 715 2270 poeta
746 2210 832 2252 more
865 2209 921 2252 suo
954 2209 1050 2250 unam
1073 2189 1198 2269 partem
1221 2185 1330 2249 satirae

229 2305 231 2312 ¹
271 2310 352 2389 finit,
387 2313 423 2374 ut
453 2311 493 2374 ad
516 2311 650 2375 alteram
672 2315 825 2376 transeat.
872 2310 923 2376 Sic
947 2308 1038 2376 XIII.
1063 2312 1104 2374 26
1129 2310 1265 2373 similem
1286 2308 1338 2372 lo-

271 2457 343 2498 cum
366 2434 529 2514 habemus,
553 2458 615 2519 quo
637 2439 732 2520 poeta
756 2459 803 2516 ea,
827 2458 897 2520 quae
922 2435 1066 2519 proxime
1084 2436 1338 2514 antecesserunt,

250 2625 252 2630 ,
271 2559 362 2643 quasi
386 2559 620 2642 complectitur:

379 2761 440 2818 rari
464 2761 573 2836 quippe
595 2761 675 2832 boui,
700 2781 823 2820 numero
847 2762 896 2820 vix
919 2764 989 2820 sunt
1004 2760 1129 2820 totidem
1153 2763 1228 2836 quot

379 2867 549 2926 Thebarum
571 2871 666 2942 portae
689 2869 737 2926 vel
760 2868 860 2927 divitis
882 2868 959 2926 ostia
981 2867 1053 2926 Nili.

271 3053 313 3120 V.
338 3055 379 3118 66
404 3078 423 3118 6
445 3055 602 3120 nonnullis
637 3057 801 3135 retinetur,
836 3057 891 3140 qui
924 3078 1043 3134 versuS,
1079 3077 1151 3120 cum
1174 3057 1238 3120 iam
1260 3077 1337 3119 ver-

273 3201 325 3243 sus
349 3180 479 3243 64-65
513 3179 697 3260 habeamus,
729 3182 855 3246 omnino
878 3181 947 3245 tolli
969 3183 1084 3264 potest.
1131 3179 1259 3245 Additis
1281 3202 1332 3244 vv.

275 3303 403 3368 76-79
439 3279 477 3367 66
510 3327 584 3388 pars
619 3306 736 3385 satirae,
760 3328 856 3390 quam
878 3294 1015 3389 primam
1038 3328 1134 3388 supra
1157 3304 1336 3369 nominavi-

273 3449 353 3507 mus,
376 3427 467 3491 finita
491 3431 549 3493 est.

380 3549 418 3615 In
450 3552 550 3617 altera
583 3556 684 3637 parte,
719 3577 790 3638 quae
826 3577 844 3619 a
871 3577 901 3618 v.
927 3555 968 3619 80
992 3555 1148 3637 incipiens
1171 3575 1271 3638 usque
1295 3552 1335 3616 ad

271 3699 303 3740 v.
328 3675 391 3740 146
414 3676 564 3759 pertinet,
587 3699 690 3742 sermo
714 3681 763 3742 est
785 3679 824 3742 de
847 3678 952 3742 media
976 3699 1065 3743 cena.
1111 3677 1233 3742 Duobis
1256 3678 1334 3744 locis

274 3799 349 3864 ordo
372 3799 535 3864 institutus
560 3802 767 3885 abrumpitur,
797 3825 930 3886 quorum
953 3802 1035 3866 alter
1058 3802 1121 3884 (vv.
1147 3801 1336 3884 107-113)

274 3947 294 3987 a
315 3921 493 3988 Ribbeckic
516 3923 551 4006 (l.
574 3925 595 3989 1.
618 3948 650 4009 p.
676 3927 753 4009 107)
786 3927 892 3991 verbis
927 3927 1138 3992 acerbissimis
1162 3926 1339 4010 reprehen-

274 4047 370 4112 ditur.
416 4047 465 4112 De
500 4048 559 4113 hoc
590 4050 711 4134 impetu
734 4051 818 4115 infra
840 4052 1087 4135 providebimus,
1133 4049 1227 4116 Alter
1249 4052 1340 4116 locus
