2854 4828
542 451 715 516 ..55-

85 653 208 712 parum
242 629 345 693 beatis
379 628 527 692 scelerati
560 627 714 705 homines,
749 627 803 691 sed
838 628 878 692 ob
902 627 1022 692 exitum
1045 626 1155 690 felices

84 753 288 837 appellandi,
313 755 522 835 opponantur.

202 876 338 940 Omnino
372 876 399 939 si
434 877 564 940 satiram
599 875 754 940 decimam
782 875 976 959 perlegimus
1000 877 1162 958 composi-v

88 1003 277 1085 tionemque
309 1002 376 1064 eius
401 1001 579 1064 accuratius
602 1001 838 1083 perpendimus
862 1001 932 1086 lieri
955 1023 1018 1064 non
1041 1004 1155 1082 potest,

89 1131 128 1188 nt
153 1149 278 1189 summa
301 1148 364 1190 non
388 1125 574 1189 adficiamur
597 1125 774 1201 miratione,
800 1146 871 1188 cum
889 1125 949 1188 hac
965 1125 1004 1187 de
1020 1146 1055 1188 re
1072 1126 1156 1207 apud
1227 1105 1237 1130 ⁸

91 1250 372 1335 Bergmuellernm
396 1249 456 1314 hoc
480 1249 632 1328 iudicium
657 1249 871 1345 inveniamus:
897 1249 930 1311 in
946 1271 1042 1332 quam
1058 1251 1157 1328 (com-

90 1376 286 1457 positionem
320 1374 504 1456 satirarum)
531 1374 558 1437 si
583 1374 753 1458 diligenter
776 1373 920 1456 inquiris
944 1395 1061 1456 paucas
1084 1377 1156 1436 tan-

91 1503 164 1562 tum
198 1503 321 1562 saturas
356 1499 477 1580 (sinis,
509 1496 568 1562 Ill.
594 1495 649 1562 IX.
673 1495 729 1562 ΧΙ.
755 1495 842 1580 XII.)
866 1499 1021 1584 imagines
1044 1520 1156 1562 suaves

92 1623 240 1708 appelles
275 1625 437 1706 praecipua
471 1627 573 1706 poetae
590 1627 667 1686 ‘arte
691 1623 781 1685 fictas
805 1622 1032 1686 conformantis
1056 1626 1156 1686 mata.

92 1749 176 1811 riem
211 1748 332 1812 variam
367 1749 407 1810 ad
442 1748 589 1811 subtilius
625 1747 790 1810 consilium
818 1748 923 1810 animo
953 1751 1155 1830 conceptnm3

92 1873 129 1936 in
168 1873 300 1955 reliquis
339 1872 486 1935 omnibus
524 1872 702 1954 simplicem
742 1871 963 1935 declamatoris
999 1870 1157 1938 luvenalis

94 1997 253 2061 rationem
277 1997 462 2080 deprendes,
487 1997 576 2059 cuius
599 1995 737 2079 vestigia
755 1997 788 2058 in
804 1997 900 2060 tertia
916 2018 1041 2079 qnoque
1057 2019 1157 2080 appa·

92 2125 178 2201 rent,
207 2122 261 2205 qui
285 2122 459 2204 saepissime
484 2126 672 2205 argumenta
697 2121 844 2204 graviora
867 2121 986 2185 leviora
1010 2122 1156 2204 excipere

94 2247 340 2348 transitionibus
364 2268 439 2309 saue
464 2246 577 2308 ieiunis
601 2249 710 2328 aperte
735 2246 896 2331 significat
914 2247 946 2328 ¹).

205 2369 357 2433 Subtilins
379 2370 546 2434 consilium
562 2371 667 2433 animo
684 2374 881 2454 conceptum.
916 2363 1026 2449 Deest,
1044 2373 1157 2456 inquit,

97 2495 131 2558 in
167 2495 227 2558 hac
252 2495 366 2558 satira:
403 2500 436 2558 at
459 2497 507 2557 est
530 2495 564 2558 in
586 2496 706 2577 paucis.
753 2495 909 2574 Profecto,
934 2497 960 2559 si
984 2497 1036 2561 hic
1060 2498 1158 2577 deest,

92 2622 235 2684 concedo
260 2641 310 2683 me
333 2621 466 2697 nescire,
491 2641 553 2702 quo
577 2621 668 2684 modo
692 2621 724 2682 in
748 2621 862 2684 ceteris
886 2643 953 2684 esse
976 2623 1088 2704 possit.

205 2743 289 2808 Usus
305 2743 471 2826 particulae
487 2767 561 2806 nam
578 2743 621 2825 (v.
639 2743 716 2826 204)
734 2746 945 2809 observandus
962 2751 1018 2810 est.
1055 2747 1158 2834 Berg-

96 2868 241 2946 mueller,
266 2868 321 2951 qui
346 2869 383 2931 de
408 2890 466 2930 usu
490 2867 583 2930 huius
607 2869 772 2950 particnlae
796 2891 849 2952 pp.
875 2873 1003 2934 29—31
1030 2873 1158 2936 etbenc

96 2998 130 3056 et
154 2993 279 3075 copiose
304 2993 441 3070 disserit,
464 2993 543 3056 dicit
558 2993 584 3074 2)
608 3015 641 3055 se
666 2994 703 3056 dc
727 2993 786 3058 hoc
809 2994 879 3058 loco
902 2995 956 3075 (X.
975 2996 1052 3078 204)
1075 2997 1159 3060 infra

95 3119 343 3202 disputaturum.
390 3116 462 3195 Sed,
487 3121 641 3200 quantum
664 3117 766 3198 video,
791 3118 851 3181 hoc
875 3119 992 3183 oblitus
1012 3125 1158 3195 est,na1n

97 3245 132 3307 in
165 3245 205 3306 iis
239 3243 377 3327 paginis,
413 3242 465 3306 ubi
492 3243 529 3304 de
554 3242 761 3326 occupatione
786 3244 863 3328 agit,
888 3246 928 3307 ad
952 3246 1035 3329 quod
1058 3267 1159 3330 genus

97 3368 158 3432 hoc
182 3368 360 3450 exemplum
386 3367 545 3451 pertinere
570 3367 657 3445 dicit,
682 3368 926 3450 explicationem
950 3371 1017 3434 eius
1041 3370 1160 3435 frustra

94 3513 232 3576 quaeras.
280 3492 411 3574 Ellipsis
448 3494 505 3556 est.
552 3490 763 3576 Opponuntnr
790 3492 873 3557 inter
907 3517 939 3557 se
975 3497 1093 3579 gaudia
1128 3501 1160 3560 et

95 3617 227 3690 oblivio.
275 3616 398 3681 Gaudia
431 3617 498 3680 vini
533 3618 658 3699 cibique
686 3639 782 3681 senex
804 3641 867 3682 non
902 3620 1008 3700 sentit,
1043 3623 1160 3685 nedum
1265 3604 1268 3612 ’

96 3742 201 3812 altera
224 3741 281 3804 illa
304 3744 435 3824 propter
458 3741 587 3826 longam
611 3742 804 3806 oblivionem
818 3742 855 3824 ⁸).

209 3953 229 4022 ¹)
249 3955 429 4008 Banuntnnna
446 3952 465 4006 l.
485 3953 503 4006 l.
523 3971 549 4022 p.
570 3953 611 4008 15,

210 4040 230 4108 ¹)
250 4042 287 4095 ib.
307 4061 334 4111 p.
354 4043 396 4096 31.
1097 4079 1099 4082 -

210 4129 229 4199 ³)
250 4131 305 4186 cn.
324 4132 402 4186 Kisa
418 4131 437 4185 l.
451 4131 469 4184 l.
483 4150 509 4200 p.
524 4132 583 4186 157.
611 4131 633 4186 n
648 4150 673 4186 v.
686 4133 739 4186 205
752 4134 832 4190 credo
845 4151 939 4190 veram
952 4133 1100 4190 lectionem
1139 4136 1160 4190 Ι.
