<?xml version="1.0" encoding="UTF-8"?>
<!DOCTYPE html PUBLIC "-//W3C//DTD XHTML 1.0 Transitional//EN"
    "http://www.w3.org/TR/xhtml1/DTD/xhtml1-transitional.dtd">
<html xmlns="http://www.w3.org/1999/xhtml" xml:lang="en" lang="en">
 <head>
  <title>
</title>
<meta http-equiv="Content-Type" content="text/html;charset=utf-8" />
  <meta name='ocr-system' content='tesseract 3.04.00' />
  <meta name='ocr-capabilities' content='ocr_page ocr_carea ocr_par ocr_line ocrx_word'/>
</head>
<body>
  <div class='ocr_page' id='page_1' title='image "./deargumentidisp00grylgoog_0099.png"; bbox 0 0 2854 4828; ppageno 0'>
   <div class='ocr_carea' id='block_1_1' title="bbox 723 423 896 486">
    <p class='ocr_par' dir='ltr' id='par_1_1' title="bbox 723 423 896 486">
     <span class='ocr_line' id='line_1_1' title="bbox 723 423 896 486; baseline 0.012 -20"><span class='ocrx_word' id='word_1_1' title='bbox 723 423 896 486; x_wconf 63' lang='lat'>„92-</span> 
     </span>
    </p>
   </div>
   <div class='ocr_carea' id='block_1_2' title="bbox 274 599 1344 1309">
    <p class='ocr_par' dir='ltr' id='par_1_2' title="bbox 274 599 1342 1183">
     <span class='ocr_line' id='line_1_2' title="bbox 275 599 1340 688; baseline 0.004 -24"><span class='ocrx_word' id='word_1_2' title='bbox 275 599 484 684; x_wconf 84' lang='lat' dir='ltr'>cogitationes</span> <span class='ocrx_word' id='word_1_3' title='bbox 509 601 689 679; x_wconf 85' lang='lat' dir='ltr'>absorbent,</span> <span class='ocrx_word' id='word_1_4' title='bbox 714 601 819 665; x_wconf 89' lang='lat' dir='ltr'>subita</span> <span class='ocrx_word' id='word_1_5' title='bbox 834 602 1044 688; x_wconf 68' lang='lat' dir='ltr'>interrogatio</span> <span class='ocrx_word' id='word_1_6' title='bbox 1060 604 1228 682; x_wconf 81' lang='lat' dir='ltr'>inseritur3</span> <span class='ocrx_word' id='word_1_7' title='bbox 1245 627 1340 668; x_wconf 84' lang='lat' dir='ltr'>novus</span> 
     </span>
     <span class='ocr_line' id='line_1_3' title="bbox 276 725 1341 811; baseline 0.005 -24"><span class='ocrx_word' id='word_1_8' title='bbox 276 737 405 808; x_wconf 81' lang='lat' dir='ltr'>campus</span> <span class='ocrx_word' id='word_1_9' title='bbox 440 747 473 788; x_wconf 84' lang='lat' dir='ltr'>se</span> <span class='ocrx_word' id='word_1_10' title='bbox 509 725 622 808; x_wconf 89' lang='lat' dir='ltr'>aperit,</span> <span class='ocrx_word' id='word_1_11' title='bbox 658 748 733 789; x_wconf 86' lang='lat' dir='ltr'>mox</span> <span class='ocrx_word' id='word_1_12' title='bbox 757 727 854 804; x_wconf 77' lang='lat' dir='ltr'>alter:</span> <span class='ocrx_word' id='word_1_13' title='bbox 886 728 931 791; x_wconf 90' lang='lat' dir='ltr'>sic</span> <span class='ocrx_word' id='word_1_14' title='bbox 954 733 1051 811; x_wconf 91' lang='lat' dir='ltr'>poeta</span> <span class='ocrx_word' id='word_1_15' title='bbox 1076 729 1199 792; x_wconf 83' lang='lat' dir='ltr'>animos</span> <span class='ocrx_word' id='word_1_16' title='bbox 1222 734 1341 794; x_wconf 88' lang='lat' dir='ltr'>nostros</span> 
     </span>
     <span class='ocr_line' id='line_1_4' title="bbox 274 849 1342 933; baseline 0.004 -21"><span class='ocrx_word' id='word_1_17' title='bbox 274 871 401 932; x_wconf 81' lang='lat' dir='ltr'>semper</span> <span class='ocrx_word' id='word_1_18' title='bbox 425 849 553 914; x_wconf 82' lang='lat' dir='ltr'>allicere</span> <span class='ocrx_word' id='word_1_19' title='bbox 578 853 673 933; x_wconf 86' lang='lat' dir='ltr'>atque</span> <span class='ocrx_word' id='word_1_20' title='bbox 705 850 845 914; x_wconf 87' lang='lat' dir='ltr'>excitare</span> <span class='ocrx_word' id='word_1_21' title='bbox 869 853 984 916; x_wconf 91' lang='lat' dir='ltr'>studet.</span> <span class='ocrx_word' id='word_1_22' title='bbox 1033 851 1069 916; x_wconf 90' lang='lat' dir='ltr'>In</span> <span class='ocrx_word' id='word_1_23' title='bbox 1095 853 1202 917; x_wconf 86' lang='lat' dir='ltr'>satiris</span> <span class='ocrx_word' id='word_1_24' title='bbox 1227 851 1288 919; x_wconf 92' lang='grc' dir='ltr'>ΙΙΙ.</span> <span class='ocrx_word' id='word_1_25' title='bbox 1314 859 1342 916; x_wconf 88' lang='lat' dir='ltr'>et</span> 
     </span>
     <span class='ocr_line' id='line_1_5' title="bbox 274 944 1341 1059; baseline 0.006 -23"><span class='ocrx_word' id='word_1_26' title='bbox 274 970 331 1037; x_wconf 89' lang='lat' dir='ltr'>VI.</span> <span class='ocrx_word' id='word_1_27' title='bbox 356 973 575 1038; x_wconf 89' lang='lat' dir='ltr'>huiuscemodi</span> <span class='ocrx_word' id='word_1_28' title='bbox 598 975 801 1038; x_wconf 74' lang='lat' dir='ltr'>transitiones</span> <span class='ocrx_word' id='word_1_29' title='bbox 825 997 909 1059; x_wconf 81' lang='lat' dir='ltr'>saepe</span> <span class='ocrx_word' id='word_1_30' title='bbox 933 983 1119 1056; x_wconf 83' lang='lat' dir='ltr'>occurrunt3</span> <span class='ocrx_word' id='word_1_31' title='bbox 1136 944 1178 1041; x_wconf 72' lang='grc'>1111</span> <span class='ocrx_word' id='word_1_32' title='bbox 1194 979 1256 1043; x_wconf 87' lang='lat' dir='ltr'>sat.</span> <span class='ocrx_word' id='word_1_33' title='bbox 1268 975 1341 1042; x_wconf 89' lang='lat' dir='ltr'>VH.</span> 
     </span>
     <span class='ocr_line' id='line_1_6' title="bbox 276 1097 962 1183; baseline 0.004 -21"><span class='ocrx_word' id='word_1_34' title='bbox 276 1097 468 1163; x_wconf 86' lang='lat' dir='ltr'>adhibentur</span> <span class='ocrx_word' id='word_1_35' title='bbox 491 1122 541 1163; x_wconf 87' lang='lat' dir='ltr'>vv.</span> <span class='ocrx_word' id='word_1_36' title='bbox 568 1100 620 1178; x_wconf 84' lang='lat'>98,</span> <span class='ocrx_word' id='word_1_37' title='bbox 647 1100 720 1177; x_wconf 87' lang='grc'>106,</span> <span class='ocrx_word' id='word_1_38' title='bbox 746 1100 819 1180; x_wconf 87' lang='grc'>150,</span> <span class='ocrx_word' id='word_1_39' title='bbox 845 1101 919 1165; x_wconf 85' lang='grc'>215.</span> <span class='ocrx_word' id='word_1_40' title='bbox 938 1100 962 1183; x_wconf 89' lang='lat'>¹)</span> 
     </span>
    </p>

    <p class='ocr_par' dir='ltr' id='par_1_3' title="bbox 382 1222 1344 1309">
     <span class='ocr_line' id='line_1_7' title="bbox 382 1222 1344 1309; baseline 0.003 -21"><span class='ocrx_word' id='word_1_41' title='bbox 382 1224 433 1288; x_wconf 83' lang='lat' dir='ltr'>Ex</span> <span class='ocrx_word' id='word_1_42' title='bbox 463 1224 502 1287; x_wconf 86' lang='lat' dir='ltr'>iis</span> <span class='ocrx_word' id='word_1_43' title='bbox 530 1224 674 1288; x_wconf 84' lang='lat' dir='ltr'>versibus</span> <span class='ocrx_word' id='word_1_44' title='bbox 698 1222 912 1308; x_wconf 82' lang='grc'>(106-149),</span> <span class='ocrx_word' id='word_1_45' title='bbox 937 1227 992 1309; x_wconf 88' lang='lat' dir='ltr'>qni</span> <span class='ocrx_word' id='word_1_46' title='bbox 1016 1225 1215 1290; x_wconf 85' lang='lat' dir='ltr'>calamitates</span> <span class='ocrx_word' id='word_1_47' title='bbox 1240 1229 1344 1291; x_wconf 90' lang='lat' dir='ltr'>causi-</span> 
     </span>
    </p>
   </div>
   <div class='ocr_carea' id='block_1_3' title="bbox 275 1349 1341 1540">
    <p class='ocr_par' dir='ltr' id='par_1_4' title="bbox 275 1349 1341 1540">
     <span class='ocr_line' id='line_1_8' title="bbox 275 1349 1341 1434; baseline 0.004 -22"><span class='ocrx_word' id='word_1_48' title='bbox 275 1349 416 1413; x_wconf 91' lang='lat' dir='ltr'>dicorum</span> <span class='ocrx_word' id='word_1_49' title='bbox 452 1349 645 1427; x_wconf 88' lang='lat' dir='ltr'>describunt,</span> <span class='ocrx_word' id='word_1_50' title='bbox 678 1371 759 1412; x_wconf 91' lang='lat' dir='ltr'>unus</span> <span class='ocrx_word' id='word_1_51' title='bbox 782 1353 917 1428; x_wconf 89' lang='lat' dir='ltr'>tantum,</span> <span class='ocrx_word' id='word_1_52' title='bbox 942 1355 1097 1434; x_wconf 89' lang='lat' dir='ltr'>quantum</span> <span class='ocrx_word' id='word_1_53' title='bbox 1120 1352 1223 1432; x_wconf 88' lang='lat' dir='ltr'>video,</span> <span class='ocrx_word' id='word_1_54' title='bbox 1247 1353 1341 1416; x_wconf 86' lang='lat' dir='ltr'>reici-</span> 
     </span>
     <span class='ocr_line' id='line_1_9' title="bbox 275 1474 705 1540; baseline -0.009 0"><span class='ocrx_word' id='word_1_55' title='bbox 275 1474 375 1540; x_wconf 87' lang='lat' dir='ltr'>endus</span> <span class='ocrx_word' id='word_1_56' title='bbox 399 1477 456 1538; x_wconf 90' lang='lat' dir='ltr'>est.</span> <span class='ocrx_word' id='word_1_57' title='bbox 504 1474 563 1537; x_wconf 79' lang='lat' dir='ltr'>Est</span> <span class='ocrx_word' id='word_1_58' title='bbox 586 1497 616 1538; x_wconf 85' lang='lat' dir='ltr'>v.</span> <span class='ocrx_word' id='word_1_59' title='bbox 643 1474 705 1537; x_wconf 82' lang='lat'>138</span> 
     </span>
    </p>
   </div>
   <div class='ocr_carea' id='block_1_4' title="bbox 381 1640 1190 1718">
    <p class='ocr_par' dir='ltr' id='par_1_5' title="bbox 381 1640 1190 1718">
     <span class='ocr_line' id='line_1_10' title="bbox 381 1640 1190 1718; baseline 0.001 -20"><span class='ocrx_word' id='word_1_60' title='bbox 381 1641 432 1699; x_wconf 84' lang='lat' dir='ltr'>sed</span> <span class='ocrx_word' id='word_1_61' title='bbox 455 1640 543 1698; x_wconf 89' lang='lat' dir='ltr'>finem</span> <span class='ocrx_word' id='word_1_62' title='bbox 565 1641 705 1715; x_wconf 87' lang='lat' dir='ltr'>impensae</span> <span class='ocrx_word' id='word_1_63' title='bbox 729 1659 789 1698; x_wconf 92' lang='lat' dir='ltr'>non</span> <span class='ocrx_word' id='word_1_64' title='bbox 812 1644 911 1699; x_wconf 85' lang='lat' dir='ltr'>servat</span> <span class='ocrx_word' id='word_1_65' title='bbox 935 1641 1062 1718; x_wconf 85' lang='lat' dir='ltr'>prodiga</span> <span class='ocrx_word' id='word_1_66' title='bbox 1085 1643 1190 1701; x_wconf 83' lang='lat' dir='ltr'>Roma.</span> 
     </span>
    </p>
   </div>
   <div class='ocr_carea' id='block_1_5' title="bbox 274 1793 1343 1873">
    <p class='ocr_par' dir='ltr' id='par_1_6' title="bbox 274 1793 1343 1873">
     <span class='ocr_line' id='line_1_11' title="bbox 274 1793 1343 1873; baseline 0.002 -13"><span class='ocrx_word' id='word_1_67' title='bbox 274 1794 453 1860; x_wconf 84' lang='lat' dir='ltr'>Ribbeckio</span> <span class='ocrx_word' id='word_1_68' title='bbox 487 1795 581 1858; x_wconf 84' lang='lat' dir='ltr'>facile</span> <span class='ocrx_word' id='word_1_69' title='bbox 617 1793 816 1873; x_wconf 82' lang='lat' dir='ltr'>assentimur,</span> <span class='ocrx_word' id='word_1_70' title='bbox 853 1817 925 1858; x_wconf 90' lang='lat' dir='ltr'>cum</span> <span class='ocrx_word' id='word_1_71' title='bbox 960 1795 1044 1859; x_wconf 91' lang='lat' dir='ltr'>hunc</span> <span class='ocrx_word' id='word_1_72' title='bbox 1076 1819 1205 1860; x_wconf 84' lang='lat' dir='ltr'>versum</span> <span class='ocrx_word' id='word_1_73' title='bbox 1228 1798 1343 1862; x_wconf 85' lang='lat' dir='ltr'>veleb</span> 
     </span>
    </p>
   </div>
   <div class='ocr_carea' id='block_1_6' title="bbox 272 1919 1345 3501">
    <p class='ocr_par' dir='ltr' id='par_1_7' title="bbox 272 1919 1345 3378">
     <span class='ocr_line' id='line_1_12' title="bbox 275 1919 1345 2005; baseline 0.001 -21"><span class='ocrx_word' id='word_1_74' title='bbox 275 1943 346 1984; x_wconf 89' lang='lat' dir='ltr'>eam</span> <span class='ocrx_word' id='word_1_75' title='bbox 381 1942 510 1983; x_wconf 90' lang='lat' dir='ltr'>causam</span> <span class='ocrx_word' id='word_1_76' title='bbox 543 1941 601 2002; x_wconf 89' lang='lat' dir='ltr'>pro</span> <span class='ocrx_word' id='word_1_77' title='bbox 632 1919 740 2002; x_wconf 87' lang='lat' dir='ltr'>spurio</span> <span class='ocrx_word' id='word_1_78' title='bbox 769 1919 877 1999; x_wconf 86' lang='lat' dir='ltr'>habet,</span> <span class='ocrx_word' id='word_1_79' title='bbox 907 1921 1000 2004; x_wconf 91' lang='lat' dir='ltr'>quod,</span> <span class='ocrx_word' id='word_1_80' title='bbox 1026 1943 1099 1984; x_wconf 88' lang='lat' dir='ltr'>cum</span> <span class='ocrx_word' id='word_1_81' title='bbox 1123 1924 1154 1985; x_wconf 95' lang='lat' dir='ltr'>et</span> <span class='ocrx_word' id='word_1_82' title='bbox 1178 1926 1293 2005; x_wconf 88' lang='lat' dir='ltr'>aperta</span> <span class='ocrx_word' id='word_1_83' title='bbox 1317 1925 1345 1986; x_wconf 89' lang='lat' dir='ltr'>et</span> 
     </span>
     <span class='ocr_line' id='line_1_13' title="bbox 275 2045 1345 2130; baseline 0 -20"><span class='ocrx_word' id='word_1_84' title='bbox 275 2045 381 2130; x_wconf 84' lang='lat' dir='ltr'>gravis</span> <span class='ocrx_word' id='word_1_85' title='bbox 405 2045 509 2107; x_wconf 90' lang='lat' dir='ltr'>ironia</span> <span class='ocrx_word' id='word_1_86' title='bbox 530 2065 681 2128; x_wconf 83' lang='lat' dir='ltr'>¹versuum</span> <span class='ocrx_word' id='word_1_87' title='bbox 706 2045 769 2108; x_wconf 82' lang='lat'>135</span> <span class='ocrx_word' id='word_1_88' title='bbox 793 2066 861 2129; x_wconf 88' lang='lat' dir='ltr'>sqq.</span> <span class='ocrx_word' id='word_1_89' title='bbox 887 2045 937 2124; x_wconf 88' lang='lat' dir='ltr'>sit,</span> <span class='ocrx_word' id='word_1_90' title='bbox 968 2069 999 2110; x_wconf 85' lang='lat' dir='ltr'>v.</span> <span class='ocrx_word' id='word_1_91' title='bbox 1025 2046 1088 2110; x_wconf 84' lang='grc'>138</span> <span class='ocrx_word' id='word_1_92' title='bbox 1112 2046 1159 2109; x_wconf 90' lang='lat' dir='ltr'>nil</span> <span class='ocrx_word' id='word_1_93' title='bbox 1183 2047 1345 2111; x_wconf 87' lang='lat' dir='ltr'>contineat</span> 
     </span>
     <span class='ocr_line' id='line_1_14' title="bbox 273 2169 1342 2253; baseline -0.001 -17"><span class='ocrx_word' id='word_1_94' title='bbox 273 2171 335 2236; x_wconf 84' lang='lat' dir='ltr'>nisi</span> <span class='ocrx_word' id='word_1_95' title='bbox 369 2172 540 2234; x_wconf 88' lang='lat' dir='ltr'>immatura</span> <span class='ocrx_word' id='word_1_96' title='bbox 574 2169 631 2232; x_wconf 89' lang='lat' dir='ltr'>illa</span> <span class='ocrx_word' id='word_1_97' title='bbox 664 2173 827 2252; x_wconf 87' lang='lat' dir='ltr'>praecepta</span> <span class='ocrx_word' id='word_1_98' title='bbox 862 2170 959 2233; x_wconf 87' lang='lat' dir='ltr'>finem</span> <span class='ocrx_word' id='word_1_99' title='bbox 994 2171 1146 2253; x_wconf 83' lang='lat' dir='ltr'>impensae</span> <span class='ocrx_word' id='word_1_100' title='bbox 1176 2173 1342 2247; x_wconf 84' lang='lat' dir='ltr'>servandi3</span> 
     </span>
     <span class='ocr_line' id='line_1_15' title="bbox 275 2294 1342 2380; baseline -0.001 -20"><span class='ocrx_word' id='word_1_101' title='bbox 275 2317 345 2380; x_wconf 87' lang='lat' dir='ltr'>quae</span> <span class='ocrx_word' id='word_1_102' title='bbox 370 2317 465 2380; x_wconf 88' lang='lat' dir='ltr'>quam</span> <span class='ocrx_word' id='word_1_103' title='bbox 491 2295 594 2359; x_wconf 89' lang='lat' dir='ltr'>alieno</span> <span class='ocrx_word' id='word_1_104' title='bbox 618 2294 689 2358; x_wconf 88' lang='lat' dir='ltr'>loco</span> <span class='ocrx_word' id='word_1_105' title='bbox 714 2294 839 2373; x_wconf 90' lang='lat' dir='ltr'>dentur,</span> <span class='ocrx_word' id='word_1_106' title='bbox 864 2317 957 2359; x_wconf 92' lang='lat' dir='ltr'>nemo</span> <span class='ocrx_word' id='word_1_107' title='bbox 981 2318 1043 2359; x_wconf 92' lang='lat' dir='ltr'>non</span> <span class='ocrx_word' id='word_1_108' title='bbox 1066 2296 1184 2361; x_wconf 82' lang='lat' dir='ltr'>videat.</span> <span class='ocrx_word' id='word_1_109' title='bbox 1232 2295 1342 2360; x_wconf 83' lang='lat' dir='ltr'>Simile</span> 
     </span>
     <span class='ocr_line' id='line_1_16' title="bbox 273 2417 1343 2504; baseline 0 -18"><span class='ocrx_word' id='word_1_110' title='bbox 273 2421 426 2486; x_wconf 90' lang='lat' dir='ltr'>iudicium</span> <span class='ocrx_word' id='word_1_111' title='bbox 460 2419 676 2498; x_wconf 87' lang='lat' dir='ltr'>Heinrichius,</span> <span class='ocrx_word' id='word_1_112' title='bbox 712 2417 876 2499; x_wconf 83' lang='lat' dir='ltr'>Weidner,</span> <span class='ocrx_word' id='word_1_113' title='bbox 913 2420 953 2484; x_wconf 89' lang='lat' dir='ltr'>al.</span> <span class='ocrx_word' id='word_1_114' title='bbox 989 2420 1144 2499; x_wconf 84' lang='lat' dir='ltr'>fecerunt,</span> <span class='ocrx_word' id='word_1_115' title='bbox 1175 2443 1273 2504; x_wconf 91' lang='lat' dir='ltr'>quam</span> <span class='ocrx_word' id='word_1_116' title='bbox 1305 2423 1343 2486; x_wconf 89' lang='lat' dir='ltr'>ob</span> 
     </span>
     <span class='ocr_line' id='line_1_17' title="bbox 274 2545 1343 2627; baseline 0 -17"><span class='ocrx_word' id='word_1_117' title='bbox 274 2568 352 2625; x_wconf 90' lang='lat' dir='ltr'>rem,</span> <span class='ocrx_word' id='word_1_118' title='bbox 389 2568 461 2610; x_wconf 90' lang='lat' dir='ltr'>cum</span> <span class='ocrx_word' id='word_1_119' title='bbox 495 2567 606 2609; x_wconf 81' lang='lat' dir='ltr'>causas</span> <span class='ocrx_word' id='word_1_120' title='bbox 637 2566 762 2627; x_wconf 90' lang='lat' dir='ltr'>quoque</span> <span class='ocrx_word' id='word_1_121' title='bbox 791 2545 920 2608; x_wconf 88' lang='lat' dir='ltr'>idoneas</span> <span class='ocrx_word' id='word_1_122' title='bbox 945 2545 1121 2624; x_wconf 86' lang='lat' dir='ltr'>attulerint,</span> <span class='ocrx_word' id='word_1_123' title='bbox 1145 2567 1208 2609; x_wconf 93' lang='lat' dir='ltr'>non</span> <span class='ocrx_word' id='word_1_124' title='bbox 1232 2547 1343 2610; x_wconf 89' lang='lat' dir='ltr'>dubito</span> 
     </span>
     <span class='ocr_line' id='line_1_18' title="bbox 275 2668 1344 2752; baseline -0.002 -16"><span class='ocrx_word' id='word_1_125' title='bbox 275 2671 315 2736; x_wconf 87' lang='lat' dir='ltr'>ad</span> <span class='ocrx_word' id='word_1_126' title='bbox 351 2692 459 2736; x_wconf 90' lang='lat' dir='ltr'>corum</span> <span class='ocrx_word' id='word_1_127' title='bbox 493 2669 685 2732; x_wconf 88' lang='lat' dir='ltr'>sententiam</span> <span class='ocrx_word' id='word_1_128' title='bbox 714 2685 765 2732; x_wconf 89' lang='lat' dir='ltr'>me</span> <span class='ocrx_word' id='word_1_129' title='bbox 796 2669 969 2752; x_wconf 85' lang='lat' dir='ltr'>applicare,</span> <span class='ocrx_word' id='word_1_130' title='bbox 994 2668 1071 2732; x_wconf 91' lang='lat' dir='ltr'>licet</span> <span class='ocrx_word' id='word_1_131' title='bbox 1093 2691 1190 2752; x_wconf 88' lang='lat' dir='ltr'>supra</span> <span class='ocrx_word' id='word_1_132' title='bbox 1214 2692 1344 2734; x_wconf 88' lang='lat' dir='ltr'>eonces—</span> 
     </span>
     <span class='ocr_line' id='line_1_19' title="bbox 274 2791 1343 2878; baseline -0.002 -18"><span class='ocrx_word' id='word_1_133' title='bbox 274 2797 380 2875; x_wconf 87' lang='lat' dir='ltr'>serim,</span> <span class='ocrx_word' id='word_1_134' title='bbox 410 2817 520 2860; x_wconf 85' lang='lat' dir='ltr'>versus</span> <span class='ocrx_word' id='word_1_135' title='bbox 551 2791 711 2858; x_wconf 87' lang='lat' dir='ltr'>Iuvenalis</span> <span class='ocrx_word' id='word_1_136' title='bbox 735 2792 981 2878; x_wconf 79' lang='lat' dir='ltr'>pulchritudinis</span> <span class='ocrx_word' id='word_1_137' title='bbox 1005 2816 1110 2873; x_wconf 86' lang='lat' dir='ltr'>causa,</span> <span class='ocrx_word' id='word_1_138' title='bbox 1134 2794 1187 2858; x_wconf 86' lang='lat' dir='ltr'>vel</span> <span class='ocrx_word' id='word_1_139' title='bbox 1210 2798 1246 2857; x_wconf 92' lang='lat' dir='ltr'>ut</span> <span class='ocrx_word' id='word_1_140' title='bbox 1269 2817 1343 2858; x_wconf 85' lang='lat' dir='ltr'>sen-</span> 
     </span>
     <span class='ocr_line' id='line_1_20' title="bbox 273 2918 1344 3003; baseline -0.002 -19"><span class='ocrx_word' id='word_1_141' title='bbox 273 2921 375 2986; x_wconf 89' lang='lat' dir='ltr'>tentia</span> <span class='ocrx_word' id='word_1_142' title='bbox 397 2919 577 3003; x_wconf 85' lang='lat' dir='ltr'>plausibilis</span> <span class='ocrx_word' id='word_1_143' title='bbox 600 2918 674 2981; x_wconf 92' lang='lat' dir='ltr'>inde</span> <span class='ocrx_word' id='word_1_144' title='bbox 698 2921 857 2997; x_wconf 90' lang='lat' dir='ltr'>nascatur,</span> <span class='ocrx_word' id='word_1_145' title='bbox 883 2919 923 2981; x_wconf 88' lang='lat' dir='ltr'>ad</span> <span class='ocrx_word' id='word_1_146' title='bbox 945 2918 1074 2982; x_wconf 87' lang='lat' dir='ltr'>libitum</span> <span class='ocrx_word' id='word_1_147' title='bbox 1090 2920 1270 3000; x_wconf 89' lang='lat' dir='ltr'>approbare</span> <span class='ocrx_word' id='word_1_148' title='bbox 1288 2923 1344 2984; x_wconf 85' lang='lat' dir='ltr'>aut</span> 
     </span>
     <span class='ocr_line' id='line_1_21' title="bbox 274 3043 1344 3123; baseline -0.004 -13"><span class='ocrx_word' id='word_1_149' title='bbox 274 3047 436 3123; x_wconf 90' lang='lat' dir='ltr'>damnare,</span> <span class='ocrx_word' id='word_1_150' title='bbox 473 3043 605 3108; x_wconf 89' lang='lat' dir='ltr'>arbitrio</span> <span class='ocrx_word' id='word_1_151' title='bbox 638 3047 746 3106; x_wconf 88' lang='lat' dir='ltr'>nostro</span> <span class='ocrx_word' id='word_1_152' title='bbox 769 3065 831 3106; x_wconf 92' lang='lat' dir='ltr'>non</span> <span class='ocrx_word' id='word_1_153' title='bbox 857 3043 966 3108; x_wconf 89' lang='lat' dir='ltr'>datum</span> <span class='ocrx_word' id='word_1_154' title='bbox 990 3065 1076 3120; x_wconf 80' lang='lat' dir='ltr'>esse3</span> <span class='ocrx_word' id='word_1_155' title='bbox 1102 3043 1210 3106; x_wconf 88' lang='lat' dir='ltr'>addidi</span> <span class='ocrx_word' id='word_1_156' title='bbox 1232 3047 1344 3107; x_wconf 87' lang='lat' dir='ltr'>tamen</span> 
     </span>
     <span class='ocr_line' id='line_1_22' title="bbox 272 3162 1344 3255; baseline -0.003 -19"><span class='ocrx_word' id='word_1_157' title='bbox 272 3169 381 3249; x_wconf 87' lang='lat' dir='ltr'>licere,</span> <span class='ocrx_word' id='word_1_158' title='bbox 415 3169 471 3233; x_wconf 88' lang='lat' dir='ltr'>ubi</span> <span class='ocrx_word' id='word_1_159' title='bbox 505 3168 687 3231; x_wconf 75' lang='lat' dir='ltr'>manifesta</span> <span class='ocrx_word' id='word_1_160' title='bbox 722 3162 825 3248; x_wconf 86' lang='lat' dir='ltr'>causae</span> <span class='ocrx_word' id='word_1_161' title='bbox 861 3167 1059 3255; x_wconf 88' lang='lat' dir='ltr'>approbandi</span> <span class='ocrx_word' id='word_1_162' title='bbox 1090 3173 1146 3232; x_wconf 87' lang='lat' dir='ltr'>aut</span> <span class='ocrx_word' id='word_1_163' title='bbox 1169 3169 1344 3233; x_wconf 87' lang='lat' dir='ltr'>damnandi</span> 
     </span>
     <span class='ocr_line' id='line_1_23' title="bbox 273 3291 1343 3378; baseline -0.001 -19"><span class='ocrx_word' id='word_1_164' title='bbox 273 3297 386 3378; x_wconf 90' lang='lat' dir='ltr'>sponte</span> <span class='ocrx_word' id='word_1_165' title='bbox 411 3294 572 3373; x_wconf 87' lang='lat' dir='ltr'>accedant,</span> <span class='ocrx_word' id='word_1_166' title='bbox 596 3293 629 3356; x_wconf 88' lang='lat' dir='ltr'>id</span> <span class='ocrx_word' id='word_1_167' title='bbox 653 3294 736 3376; x_wconf 89' lang='lat' dir='ltr'>quod</span> <span class='ocrx_word' id='word_1_168' title='bbox 752 3291 811 3356; x_wconf 92' lang='lat' dir='ltr'>hoc</span> <span class='ocrx_word' id='word_1_169' title='bbox 827 3293 897 3356; x_wconf 90' lang='lat' dir='ltr'>loco</span> <span class='ocrx_word' id='word_1_170' title='bbox 912 3292 1119 3375; x_wconf 90' lang='lat' dir='ltr'>perspicuum</span> <span class='ocrx_word' id='word_1_171' title='bbox 1135 3315 1202 3356; x_wconf 90' lang='lat' dir='ltr'>esse</span> <span class='ocrx_word' id='word_1_172' title='bbox 1219 3294 1343 3376; x_wconf 86' lang='lat' dir='ltr'>opinor.</span> 
     </span>
    </p>

    <p class='ocr_par' dir='ltr' id='par_1_8' title="bbox 381 3416 1344 3501">
     <span class='ocr_line' id='line_1_24' title="bbox 381 3416 1344 3501; baseline 0.001 -20"><span class='ocrx_word' id='word_1_173' title='bbox 381 3416 452 3482; x_wconf 90' lang='lat' dir='ltr'>Iam</span> <span class='ocrx_word' id='word_1_174' title='bbox 475 3440 547 3482; x_wconf 91' lang='lat' dir='ltr'>cum</span> <span class='ocrx_word' id='word_1_175' title='bbox 570 3420 665 3500; x_wconf 83' lang='lat' dir='ltr'>poeta</span> <span class='ocrx_word' id='word_1_176' title='bbox 688 3417 803 3482; x_wconf 83' lang='lat' dir='ltr'>transit</span> <span class='ocrx_word' id='word_1_177' title='bbox 827 3418 867 3480; x_wconf 88' lang='lat' dir='ltr'>ad</span> <span class='ocrx_word' id='word_1_178' title='bbox 890 3418 1070 3481; x_wconf 87' lang='lat' dir='ltr'>mercedem</span> <span class='ocrx_word' id='word_1_179' title='bbox 1085 3416 1252 3480; x_wconf 87' lang='lat' dir='ltr'>rhetorum</span> <span class='ocrx_word' id='word_1_180' title='bbox 1266 3440 1344 3501; x_wconf 90' lang='lat' dir='ltr'>per-</span> 
     </span>
    </p>
   </div>
   <div class='ocr_carea' id='block_1_7' title="bbox 274 3542 1343 3630">
    <p class='ocr_par' dir='ltr' id='par_1_9' title="bbox 274 3542 1343 3630">
     <span class='ocr_line' id='line_1_25' title="bbox 274 3542 1343 3630; baseline -0.006 -19"><span class='ocrx_word' id='word_1_181' title='bbox 274 3546 425 3630; x_wconf 81' lang='lat' dir='ltr'>exiguam</span> <span class='ocrx_word' id='word_1_182' title='bbox 449 3547 629 3626; x_wconf 87' lang='lat' dir='ltr'>sortemque</span> <span class='ocrx_word' id='word_1_183' title='bbox 654 3564 764 3606; x_wconf 90' lang='lat' dir='ltr'>eorum</span> <span class='ocrx_word' id='word_1_184' title='bbox 793 3542 1018 3621; x_wconf 87' lang='lat' dir='ltr'>tristissimam,</span> <span class='ocrx_word' id='word_1_185' title='bbox 1041 3544 1234 3625; x_wconf 90' lang='lat' dir='ltr'>potestatem</span> <span class='ocrx_word' id='word_1_186' title='bbox 1257 3543 1343 3624; x_wconf 88' lang='lat' dir='ltr'>opti-</span> 
     </span>
    </p>
   </div>
   <div class='ocr_carea' id='block_1_8' title="bbox 272 3752 1342 4182">
    <p class='ocr_par' dir='ltr' id='par_1_10' title="bbox 272 3752 1342 4182">
     <span class='ocr_line' id='line_1_26' title="bbox 384 3752 1342 3826; baseline -0.004 -16"><span class='ocrx_word' id='word_1_187' title='bbox 384 3757 404 3826; x_wconf 84' lang='lat'>¹)</span> <span class='ocrx_word' id='word_1_188' title='bbox 423 3755 465 3810; x_wconf 86' lang='lat' dir='ltr'>lla</span> <span class='ocrx_word' id='word_1_189' title='bbox 483 3773 545 3824; x_wconf 85' lang='lat' dir='ltr'>quae</span> <span class='ocrx_word' id='word_1_190' title='bbox 564 3759 607 3810; x_wconf 84' lang='lat' dir='ltr'>est</span> <span class='ocrx_word' id='word_1_191' title='bbox 625 3774 650 3809; x_wconf 89' lang='lat' dir='ltr'>v.</span> <span class='ocrx_word' id='word_1_192' title='bbox 672 3756 730 3819; x_wconf 89' lang='grc'>106,</span> <span class='ocrx_word' id='word_1_193' title='bbox 750 3771 920 3823; x_wconf 88' lang='lat' dir='ltr'>quamquam</span> <span class='ocrx_word' id='word_1_194' title='bbox 936 3771 1038 3808; x_wconf 88' lang='lat' dir='ltr'>novam</span> <span class='ocrx_word' id='word_1_195' title='bbox 1052 3754 1164 3807; x_wconf 90' lang='lat' dir='ltr'>turbam</span> <span class='ocrx_word' id='word_1_196' title='bbox 1176 3752 1342 3808; x_wconf 85' lang='lat' dir='ltr'>miserorum</span> 
     </span>
     <span class='ocr_line' id='line_1_27' title="bbox 272 3842 1341 3913; baseline -0.007 -11"><span class='ocrx_word' id='word_1_197' title='bbox 272 3847 417 3903; x_wconf 89' lang='lat' dir='ltr'>hominum</span> <span class='ocrx_word' id='word_1_198' title='bbox 445 3844 606 3910; x_wconf 87' lang='lat' dir='ltr'>introducit,</span> <span class='ocrx_word' id='word_1_199' title='bbox 634 3848 730 3899; x_wconf 89' lang='lat' dir='ltr'>tamen</span> <span class='ocrx_word' id='word_1_200' title='bbox 754 3842 879 3913; x_wconf 84' lang='lat' dir='ltr'>proxime</span> <span class='ocrx_word' id='word_1_201' title='bbox 903 3843 1007 3912; x_wconf 88' lang='lat' dir='ltr'>pendet</span> <span class='ocrx_word' id='word_1_202' title='bbox 1025 3861 1043 3896; x_wconf 87' lang='lat' dir='ltr'>a</span> <span class='ocrx_word' id='word_1_203' title='bbox 1061 3862 1086 3897; x_wconf 93' lang='lat' dir='ltr'>v.</span> <span class='ocrx_word' id='word_1_204' title='bbox 1108 3843 1167 3907; x_wconf 88' lang='lat'>105,</span> <span class='ocrx_word' id='word_1_205' title='bbox 1188 3843 1237 3911; x_wconf 87' lang='lat' dir='ltr'>qui</span> <span class='ocrx_word' id='word_1_206' title='bbox 1255 3842 1341 3898; x_wconf 88' lang='lat' dir='ltr'>inter-</span> 
     </span>
     <span class='ocr_line' id='line_1_28' title="bbox 272 3931 1341 4007; baseline -0.007 -16"><span class='ocrx_word' id='word_1_207' title='bbox 272 3936 448 4007; x_wconf 83' lang='lat' dir='ltr'>rogationem</span> <span class='ocrx_word' id='word_1_208' title='bbox 476 3933 595 3988; x_wconf 85' lang='lat' dir='ltr'>alicuius</span> <span class='ocrx_word' id='word_1_209' title='bbox 623 3933 756 3998; x_wconf 90' lang='lat' dir='ltr'>continet,</span> <span class='ocrx_word' id='word_1_210' title='bbox 781 3948 864 4001; x_wconf 87' lang='lat' dir='ltr'>quem</span> <span class='ocrx_word' id='word_1_211' title='bbox 881 3935 966 4002; x_wconf 87' lang='lat' dir='ltr'>poeta</span> <span class='ocrx_word' id='word_1_212' title='bbox 984 3932 1145 4000; x_wconf 91' lang='lat' dir='ltr'>loquentem</span> <span class='ocrx_word' id='word_1_213' title='bbox 1165 3931 1242 3996; x_wconf 86' lang='lat' dir='ltr'>facit,</span> <span class='ocrx_word' id='word_1_214' title='bbox 1263 3931 1341 3985; x_wconf 86' lang='lat' dir='ltr'>euius</span> 
     </span>
     <span class='ocr_line' id='line_1_29' title="bbox 273 4020 1341 4094; baseline -0.007 -13"><span class='ocrx_word' id='word_1_215' title='bbox 273 4025 313 4081; x_wconf 89' lang='lat' dir='ltr'>rei</span> <span class='ocrx_word' id='word_1_216' title='bbox 341 4024 468 4094; x_wconf 86' lang='lat' dir='ltr'>exempla</span> <span class='ocrx_word' id='word_1_217' title='bbox 496 4041 579 4092; x_wconf 89' lang='lat' dir='ltr'>supra</span> <span class='ocrx_word' id='word_1_218' title='bbox 606 4021 735 4087; x_wconf 85' lang='lat' dir='ltr'>vidimus,</span> <span class='ocrx_word' id='word_1_219' title='bbox 759 4025 791 4076; x_wconf 91' lang='lat' dir='ltr'>ut</span> <span class='ocrx_word' id='word_1_220' title='bbox 810 4025 862 4076; x_wconf 86' lang='lat' dir='ltr'>sat.</span> <span class='ocrx_word' id='word_1_221' title='bbox 881 4023 902 4075; x_wconf 90' lang='lat' dir='ltr'>I.</span> <span class='ocrx_word' id='word_1_222' title='bbox 923 4020 963 4088; x_wconf 84' lang='lat' dir='ltr'>(in</span> <span class='ocrx_word' id='word_1_223' title='bbox 983 4020 1057 4090; x_wconf 85' lang='lat' dir='ltr'>fine).</span> <span class='ocrx_word' id='word_1_224' title='bbox 1077 4021 1110 4074; x_wconf 90' lang='lat' dir='ltr'>ll.</span> <span class='ocrx_word' id='word_1_225' title='bbox 1131 4021 1191 4086; x_wconf 83' lang='lat'>132,</span> <span class='ocrx_word' id='word_1_226' title='bbox 1213 4021 1271 4086; x_wconf 88' lang='grc'>163,</span> <span class='ocrx_word' id='word_1_227' title='bbox 1289 4020 1341 4074; x_wconf 81' lang='grc'>111.</span> 
     </span>
     <span class='ocr_line' id='line_1_30' title="bbox 275 4113 594 4182; baseline -0.016 -12"><span class='ocrx_word' id='word_1_228' title='bbox 275 4115 334 4182; x_wconf 82' lang='grc'>184,</span> <span class='ocrx_word' id='word_1_229' title='bbox 353 4115 386 4169; x_wconf 88' lang='lat' dir='ltr'>V.</span> <span class='ocrx_word' id='word_1_230' title='bbox 409 4113 467 4179; x_wconf 88' lang='lat'>135,</span> <span class='ocrx_word' id='word_1_231' title='bbox 489 4113 539 4166; x_wconf 90' lang='grc'>166</span> <span class='ocrx_word' id='word_1_232' title='bbox 558 4113 594 4166; x_wconf 89' lang='lat' dir='ltr'>al.</span> 
     </span>
    </p>
   </div>
   <div class='ocr_carea' id='block_1_9' title="bbox 0 0 1432 4828">
    <p class='ocr_par' dir='ltr' id='par_1_11' title="bbox 0 0 1432 4828">
     <span class='ocr_line' id='line_1_31' title="bbox 0 0 1432 4828; baseline 0 0"><span class='ocrx_word' id='word_1_233' title='bbox 0 0 1432 4828; x_wconf 95' lang='lat' dir='ltr'> </span> 
     </span>
    </p>
   </div>
  </div>
 </body>
</html>
