2916 4834
706 456 857 519 ..6.-

249 631 373 715 reliqua
396 632 502 696 satirae
526 635 617 716 parte
635 633 787 717 exagitet,
804 634 887 717 quod
902 637 1011 697 tamen
1025 633 1155 698 minime
1171 634 1312 701 omnium

248 737 299 821 lit.ยน
342 755 424 832 Quid
447 760 520 841 post
542 757 641 821 talem
655 779 782 821 versum
799 760 1029 840 exspectamus,
1045 758 1148 842 qualis
1166 762 1213 823 cst
1228 781 1258 823 v.
1274 760 1309 822 3:

409 960 529 1035 impune
553 979 624 1036 ergo
647 959 719 1018 mihi
741 959 912 1018 recitaverit
933 959 983 1018 ille
1005 962 1124 1038 togatas

409 1066 457 1125 hie
480 1067 598 1142 elegos?

240 1312 242 1318 ,
355 1255 438 1331 Quid
460 1255 522 1319 nisi
545 1259 581 1319 ut
602 1259 697 1339 poeta
720 1259 804 1320 totus
828 1278 861 1319 se
885 1257 918 1319 in
934 1278 988 1320 eos
1003 1260 1109 1321 vertat
1121 1257 1310 1341 penitusque

248 1381 321 1444 telis
345 1381 445 1445 acutis
468 1381 591 1446 obruat.
638 1378 720 1456 Quid
742 1381 770 1444 si
793 1381 881 1445 addit
903 1381 989 1444 idem
1011 1405 1041 1446 v.
1067 1383 1122 1446 17:

526 1584 619 1641 stulta
642 1586 686 1641 est
709 1582 863 1642 clementia
887 1602 955 1642 cum
977 1586 1024 1642 tet
1046 1583 1157 1658 ubique

355 1689 475 1749 vatibus
499 1709 635 1748 occurras
658 1691 800 1765 peritura
823 1709 943 1766 parcere
968 1692 1087 1750 chartae.

250 1877 313 1944 Sed
335 1879 391 1944 ubi
415 1881 462 1943 est
484 1901 590 1963 poena,
615 1881 670 1944 ubi
694 1880 846 1944 severitas
869 1879 926 1944 illa
947 1880 1123 1946 elementiae
1141 1881 1310 1965 opposita?

249 2002 342 2068 Adde
377 2004 461 2087 quod
495 2027 524 2068 v.
556 2026 621 2087 seq.
653 2004 730 2067 dicit
752 2026 785 2067 se
810 2004 931 2084 eodem,
956 2027 1017 2088 quo
1042 2005 1118 2068 olim
1141 2004 1309 2083 Lucilium,

249 2150 361 2211 campo
386 2129 562 2208 decurrere,
586 2129 607 2193 i.
631 2150 659 2193 e.
676 2150 762 2192 more
778 2129 895 2194 Lucilii
911 2130 1026 2192 satiras
1042 2133 1152 2193 contra
1166 2129 1310 2193 inimicos

249 2253 398 2318 scribere.
444 2252 545 2337 Atqui
579 2255 721 2318 versibus
755 2255 916 2337 prioribus
950 2255 1094 2318 inimicos
1130 2255 1211 2318 dixit
1242 2275 1308 2318 esse

248 2380 360 2461 poetas
383 2378 563 2444 recitantes,
609 2377 669 2442 His
692 2399 767 2442 vero
790 2378 884 2462 plane
908 2379 1030 2442 omissis
1046 2379 1114 2462 pila
1129 2379 1162 2442 in
1179 2401 1217 2442 ea
1232 2379 1309 2442 vitia

249 2502 353 2581 coicit,
376 2503 490 2586 quibus
514 2506 589 2566 tunc
613 2503 725 2568 civitas
749 2502 893 2567 Romana
915 2504 1053 2567 maxime
1076 2503 1252 2568 laborabat.

354 2624 428 2690 Non
450 2627 645 2712 ignoramus,
669 2629 823 2711 quomodo
839 2627 975 2692 editores
998 2628 1059 2692 hac
1075 2628 1108 2690 in
1124 2650 1158 2691 re
1175 2624 1309 2691 Iuvena-

247 2749 311 2816 lem
350 2752 531 2816 defendant.
577 2749 705 2816 Scilicet
733 2774 805 2816 cum
829 2751 967 2838 aequales
990 2755 1079 2816 tanto
1103 2752 1207 2816 studio
1231 2751 1308 2815 scri-

248 2877 343 2941 bendi
378 2878 488 2941 ardere
523 2876 663 2956 vidisset,
693 2898 768 2940 eum
796 2898 921 2960 quoque
945 2876 1102 2941 calamum
1123 2877 1306 2959 poposcisse
1361 2939 1363 2945 ,

248 3001 347 3082 aiunt,
371 3001 432 3066 hoc
461 3005 586 3066 tantum
618 3003 744 3066 illorum
768 3002 963 3081 dissimilem,
988 3002 1072 3085 quod
1096 3001 1220 3079 satirae,
1244 3023 1307 3064 non

247 3127 421 3211 tragoedias
463 3130 674 3210 componeret.
728 3126 845 3203 Quodsi
879 3129 974 3210 poeta
1009 3126 1113 3189 dicere
1147 3124 1308 3204 voluisset,

171 3265 174 3271 '
249 3250 311 3314 sibi
333 3273 457 3334 quoque
481 3251 515 3314 in
539 3252 643 3317 animo
666 3273 734 3316 esse
758 3274 867 3315 versus
883 3252 1022 3316 scribere
1038 3253 1207 3333 propterea
1223 3250 1308 3332 quod

247 3375 353 3458 poesis
377 3377 417 3439 ab
440 3376 526 3439 illius
549 3377 652 3440 aetatis
674 3375 855 3441 hominibus
870 3379 937 3439 tam
953 3376 1127 3460 diligenter
1143 3374 1307 3452 coleretur,

247 3499 324 3583 quid
340 3522 417 3583 opus
434 3499 495 3563 fuit
511 3522 562 3566 eos
578 3503 669 3564 tanta
683 3500 903 3585 indignatione
916 3498 1159 3582 reprehendere,
1174 3519 1308 3581 quorum

247 3624 316 3707 ipse
333 3625 513 3707 exemplum
529 3626 743 3710 sequebatur?
778 3623 913 3688 Omnino
929 3624 1035 3688 facere
1051 3645 1115 3686 non
1129 3643 1306 3707 possumus,

247 3747 325 3832 quin
348 3746 408 3812 hac
431 3749 465 3811 in
487 3770 520 3812 re
544 3751 674 3831 poetam
696 3749 905 3812 constantiam
928 3747 1054 3812 solitam
1076 3747 1208 3831 paulum
1228 3767 1307 3830 neg-

247 3873 356 3959 legere
381 3873 582 3937 arbitremur.

355 3996 627 4072 Quemadmodum
660 3998 760 4082 igitur
791 3997 918 4061 initium
949 3995 1043 4060 huius
1066 3995 1172 4058 satirae
1196 3993 1304 4072 habet,

247 4143 318 4206 quae
343 4122 369 4185 si
392 4143 455 4184 non
478 4121 710 4204 reprehendere
734 4125 768 4185 at
801 4123 885 4185 certe
910 4121 1035 4184 silentio
1057 4117 1221 4203 praeterire
1244 4138 1308 4180 non
