2854 4828
530 464 702 527 ..53-

71 641 212 704 satiram
247 641 460 724 composuisse
485 641 583 718 aiunt,
608 641 634 704 si
659 638 817 726 Iuvenalis
840 662 902 702 non
926 639 977 718 sit,
1002 640 1144 702 atcerte

72 769 109 829 in
135 787 203 828 una
225 788 259 828 re
284 743 377 848 plane
402 766 432 828 ei
456 766 650 829 consensisse
675 765 878 830 demonstret.

88 963 92 973 ¹
188 889 359 954 Neminem
386 891 472 975 fugit
495 894 613 973 quanto
637 891 749 954 ardore
774 893 956 973 quantaque
979 889 1027 951 ira
1051 885 1145 952 Inve-

72 1016 162 1078 nalis
198 1016 232 1078 in
267 1014 427 1079 Graeculos
462 1015 579 1079 invisos
613 1016 730 1099 ubique
753 1015 949 1078 invehatur„
980 1012 1062 1078 Satis
1087 1018 1145 1091 est,

73 1140 135 1222 qui
172 1140 290 1203 curiosi
314 1141 387 1217 sint,
412 1140 451 1202 ad
466 1140 607 1214 ¹satiram
631 1141 760 1203 tertiam
783 1140 956 1216 remittere,
981 1161 1051 1222 quae
1075 1139 1146 1202 odio

74 1267 110 1327 et
147 1265 269 1328 invidia
305 1265 455 1328 abundat.
514 1263 588 1328 Sine
624 1264 720 1328 dubio
754 1263 813 1326 hos
849 1233 1009 1328 Graeculos
1047 1263 1147 1327 nimia

76 1389 255 1452 severitate
291 1389 420 1452 iudicat.
468 1387 575 1454 Seduli
611 1394 702 1452 erant
730 1392 761 1452 et
784 1389 925 1473 impigri,
950 1411 1074 1471 semper
1098 1391 1147 1450 at-

74 1514 174 1591 tenti,
188 1535 250 1596 quo
263 1515 354 1577 modo
367 1517 506 1596 quaestus
520 1514 581 1578 sibi
598 1513 842 1591 constituerent3
861 1514 950 1577 infidi
966 1513 1101 1576 fortasse
1115 1516 1147 1576 et
1217 1509 1219 1512 ’

75 1638 165 1715 falsi,
190 1639 245 1700 sed
260 1640 368 1701 tamen
384 1638 542 1717 meliores,
560 1660 655 1721 quam
672 1640 756 1721 apud
772 1637 955 1702 Iuvenalem
971 1638 1146 1722 finguntur.

75 1761 264 1845 Utcumque
301 1765 359 1840 est,
395 1759 555 1826 Iuvenalis
591 1785 628 1826 ex
652 1763 763 1826 intimo
788 1764 892 1826 animo
916 1785 967 1843 eos
992 1762 1146 1845 despexit.

75 1888 191 1970 Atque
226 1891 260 1950 ut
295 1887 355 1951 sibi
392 1890 524 1965 constet,
560 1888 594 1949 in
619 1888 746 1964 decima¹
764 1888 862 1950 satira
885 1888 924 1950 iis
947 1910 1010 1951 non
1033 1885 1146 1970 parcit.

76 2010 242 2076 Notamus
265 2011 323 2076 hos
346 2033 472 2076 versus:

511 2151 655 2226 quidquid
680 2151 794 2210 Graeoia
818 2152 943 2209 mendax

298 2259 388 2343 audet
410 2257 441 2316 in
464 2257 587 2316 historia
627 2256 667 2328 (1.
696 2256 770 2328 174)
795 2321 796 2326 1

208 2403 238 2456 et
259 2400 383 2458 madidis
409 2403 510 2457 cantat
534 2417 600 2474 quae
626 2399 778 2494 Sostratus
803 2401 856 2457 alis
897 2398 936 2470 (v.
964 2397 1039 2469 178)

205 2525 314 2582 magno
338 2507 362 2564 si
386 2507 550 2582 quidquam
575 2507 668 2565 eredis
692 2507 821 2566 Homero
860 2505 901 2576 (v.
928 2506 1003 2578 246)

81 2643 149 2707 Ofr.
175 2640 263 2707 XIV.
289 2645 370 2708 240:
406 2649 429 2706 si
455 2647 569 2714 Graecia
593 2669 663 2708 vera

192 2784 263 2848 XV.
291 2785 371 2848 117:
514 2796 550 2848 ut
573 2792 633 2850 iam
656 2811 723 2867 quae
749 2793 879 2850 carmina
902 2793 1027 2849 tradunt

412 2897 501 2973 digna
523 2899 580 2956 fide
605 2899 706 2957 eredas

191 3057 323 3130 Nullam
351 3064 459 3142 aptam
484 3064 538 3123 aut
561 3060 782 3124 consuetudini
805 3060 965 3126 Iuvenalis
990 3061 1149 3125 scribendi

83 3188 331 3249 consentaneam
366 3186 555 3248 sententiam
588 3186 667 3264 fieri,
703 3187 764 3249 nisi
788 3190 910 3250 mutato
934 3187 1025 3271 signo
1049 3186 1149 3250 inter·

83 3309 250 3393 pungendi
284 3307 327 3391 (v.
353 3309 441 3391 176),
477 3310 616 3374 Kiaerius
652 3312 744 3375 docet
759 3311 795 3394 ¹).
843 3309 1033 3396 Interpungi
1068 3312 1150 3375 solet

83 3436 156 3516 post
191 3455 301 3497 vocem
336 3457 433 3498 mere.
481 3433 561 3498 Tum
597 3459 672 3534 vero
699 3436 797 3499 trium
819 3438 1033 3500 membrorum
1057 3435 1150 3519 (veli-

83 3558 198 3621 ficatus
236 3557 338 3622 Athos
376 3595 415 3603 —
452 3560 605 3642 quidquid
630 3560 753 3624 Graecia
777 3561 873 3624 audet
899 3597 938 3605 —
962 3583 1049 3625 mare
1075 3583 1150 3626 con-

84 3683 234 3759 stratum)
259 3706 277 3745 a
300 3704 376 3746 voce
401 3684 541 3756 creditur
563 3685 780 3767 pendentium,
806 3686 953 3749 ultimum
976 3708 1034 3770 per
1056 3709 1147 3770 asyn-

86 3809 182 3870 deton
221 3807 365 3870 additum
405 3811 453 3871 est
487 3807 595 3891 (quod,
632 3809 687 3873 ubi
722 3809 937 3892 praecedentia
972 3811 1149 3894 copulative

87 3930 195 3994 iuncta
230 3931 304 4010 sint,
340 3933 424 4014 apud
459 3929 645 3996 iuvenalem
679 3955 835 4018 nusquam
865 3935 945 4014 fieri,
970 3937 1079 3999 doctus
1102 3935 1152 3998 vir

169 4173 171 4182 ι
195 4142 215 4212 ¹)
235 4143 313 4197 Knnn
332 4143 350 4197 l.
370 4143 453 4213 1.pp.
473 4145 506 4198 87
527 4163 585 4213 sqq·
