2916 4834
582 444 756 506 -29-

133 620 185 682 est
219 618 321 698 nobis,
355 619 429 682 talis
461 620 619 699 transitio,
649 621 752 704 qualis
775 620 845 684 haec
869 623 927 700 est,
951 622 1022 685 aliis
1046 623 1200 706 exemplis

133 741 353 810 Iuvenalianis
375 745 564 824 vindicetur,
587 767 698 825 necne,
723 748 807 830 quod
828 769 948 832 negare
965 747 1004 813 R.
1021 749 1147 812 videtur
1164 748 1200 831 ¹).

133 868 187 932 Ad
210 872 336 934 sextam
359 870 490 934 satiram
513 892 569 934 000
593 872 802 938 conferamus,
849 870 900 938 Ibi
922 871 1059 957 legimus
1083 896 1113 938 v.
1136 874 1200 938 224

201 1036 330 1110 imperat
353 1054 424 1112 ergo
447 1035 521 1106 viro,
546 1037 598 1094 sed
620 1056 689 1095 mox
712 1039 775 1096 haec
798 1057 891 1114 regna
914 1039 1065 1114 relinquit.

130 1187 212 1265 Quis
247 1212 309 1254 non
338 1191 455 1269 videat,
486 1193 641 1274 quantum
663 1191 716 1255 hio
739 1193 826 1256 10000
850 1214 922 1257 cum
944 1194 1000 1257 illo
1024 1197 1200 1278 congruat?

131 1313 279 1398 Utroque
302 1315 470 1398 particula,
495 1337 565 1398 quae
591 1319 639 1380 est
662 1339 749 1402 ergo,
773 1318 1006 1384 conclusionem
1029 1319 1116 1397 facit,
1139 1341 1203 1402 qua

133 1463 183 1519 ea,
216 1461 286 1523 quae
317 1443 556 1505 antecesserunt
578 1426 654 1506 vera
677 1463 745 1506 esse
770 1444 1024 1526 comprobantur,
1048 1446 1201 1540 tantaque

132 1567 183 1629 est
206 1563 322 1628 horum
344 1565 561 1648 exemplorum
584 1566 768 1646 similitudo,
791 1570 827 1630 ut
843 1567 870 1630 si
886 1567 1023 1631 alterum
1037 1569 1200 1651 probetur,

133 1690 272 1754 alterum
294 1711 419 1772 quoqne
442 1692 596 1773 probetur
618 1713 746 1755 necesse
770 1693 821 1755 sit.
868 1691 930 1756 Sed
953 1692 993 1757 R.
1018 1694 1147 1756 damnat
1169 1716 1200 1759 v.

10 1859 13 1862 -
133 1814 210 1892 104,
240 1815 355 1897 probat
387 1810 445 1879 VI.
470 1815 549 1892 224,
574 1817 657 1899 quod
680 1816 780 1880 altero
803 1816 871 1881 loco
894 1817 1008 1882 vitium
1032 1840 1100 1881 esse
1125 1839 1200 1882 con-

128 1939 247 2019 tendit,
277 1937 378 2004 0110οο
400 1938 523 2024 0111000
539 1961 607 2026 0000
631 1943 739 2025 negat.
785 1939 871 2004 Nam
895 1943 977 2026 quod
1000 1943 1034 2004 in
1057 1945 1116 2005 sat.
1141 1939 1199 2008 VI.
1253 2031 1254 2038 ἵ

132 2064 278 2128 ordinem
312 2085 462 2127 versuum
497 2065 543 2127 ita
576 2067 689 2141 mutat,
720 2068 756 2128 ut
786 2066 1034 2149 2240001433
1058 2066 1200 2147 00110001,

132 2210 197 2252 000
230 2188 339 2267 refert,
370 2188 467 2252 immo
490 2192 600 2252 eontra
621 2188 692 2253 haeo
715 2211 766 2254 res
789 2193 978 2275 argumento
1001 2194 1108 2255 nostro
1131 2191 1198 2255 suf-

133 2313 290 2399 fragatur.
336 2311 422 2376 Nam
451 2316 570 2396 praeter
598 2313 678 2376 illud
707 2315 888 2398 exemplum
911 2315 1106 2398 impotentiae
1129 2337 1200 2380 mu-

131 2439 254 2518 liebrio,
279 2439 363 2522 quod
385 2439 419 2501 in
443 2438 556 2502 ceteris
581 2439 772 2503 editionibus
796 2441 844 2502 est
866 2463 897 2504 v.
922 2441 986 2505 223

400 2597 456 2662 hoc
479 2605 557 2676 volo,
582 2606 623 2664 sie
646 2605 734 2663 iubeo
758 2609 814 2664 cet.

131 2757 272 2822 alterum
294 2757 339 2851 11.Δ
358 2759 450 2822 inicit
473 2756 516 2840 (v.
541 2758 618 2842 419)

605 2909 730 2966 conchas
754 2912 784 2966 et
807 2911 905 2967 eastra
927 2909 1040 2967 moveri

364 3016 451 3072 nocte
473 3015 568 3085 iubet,

131 3153 305 3235 antequam
340 3151 379 3214 ad
414 3151 505 3216 illum
534 3173 662 3216 versum
683 3153 772 3216 venit
795 3154 851 3236 qui
875 3155 936 3218 est:
961 3153 1099 3236 imperat
1122 3175 1199 3238 ergo

129 3277 211 3341 viro.
257 3274 360 3340 Nemo
383 3277 484 3361 igitur
506 3298 630 3361 negare,
648 3277 777 3360 poterit,
801 3278 878 3361 quin
900 3277 960 3342 hoc
982 3277 1051 3342 1000
1067 3281 1127 3343 001.
1140 3275 1199 3342 VI.

131 3423 192 3485 per
225 3400 418 3484 particulam
445 3422 517 3486 erpo
543 3401 577 3464 in
600 3423 699 3465 unum
723 3423 760 3465 ea
784 3402 1103 3485 comprehendantur,
1128 3425 1198 3487 quae

131 3525 292 3610 prioribus
314 3525 459 3590 versibus
484 3526 522 3589 de
546 3527 696 3609 superbia
719 3527 889 3590 mulierum
913 3527 1099 3592 dictasunt.
1137 3526 1199 3591 Ni·

129 3649 304 3714 hilominus
337 3649 398 3714 hac
429 3651 627 3715 conclusione
658 3654 753 3735 poeta
775 3651 873 3715 finem
896 3651 1031 3716 orationi
1054 3674 1116 3716 non
1139 3652 1199 3714 im-

129 3774 233 3860 ponit,
258 3776 314 3838 sed
337 3775 446 3838 statim
468 3775 577 3859 pergit
601 3776 641 3839 ad
663 3775 757 3859 01000
780 3776 953 3840 adferenda

245 3949 264 4018 ¹)
285 3953 440 4005 Hermanni
459 3949 489 4018 (1.
508 3951 527 4004 l.
546 3969 574 4021 0.
592 3951 681 4018 XXII)
700 3953 787 4007 verba
803 3953 863 4006 haec
875 3954 953 4006 sunt:
971 3970 997 4006 v.
1013 3953 1064 4007 104
1076 3951 1200 4023 spurium

129 4039 242 4094 iudicat
268 4039 381 4094 Iahnius
410 4043 575 4110 poteratque
602 4041 680 4096 salvo
706 4059 787 4096 sensu
810 4042 919 4096 abesse:
938 4041 1086 4111 indignum
1104 4044 1200 4096 tamen

128 4129 265 4185 Iuvenale
283 4147 339 4184 000
357 4130 530 4214 habuerim
