2916 4834
700 377 875 440 ,82-

253 579 293 622 ex
317 557 421 621 auimo
445 556 688 640 gratularemur,
712 555 740 618 si
762 554 892 637 quidem
914 554 954 617 iis
978 553 1176 638 contigisset,
1193 556 1229 616 ut
1246 574 1327 636 spes

254 682 365 748 auxilii
400 680 545 744 alicunde
579 680 792 763 conciperent.
840 677 910 743 Hoc
933 701 1008 743 vero
1031 679 1070 742 iis
1093 678 1201 758 licere,
1225 682 1329 762 poeta

214 816 215 829 ¹
253 807 319 870 iam
341 831 371 871 1.
397 807 413 869 1
440 805 603 869 adfirmat:

363 975 392 1030 et
416 991 480 1046 spes
505 974 535 1029 et
557 971 635 1028 ratio
659 970 829 1028 studiorum
851 970 882 1028 in
906 969 1021 1028 Caesare
1045 973 1164 1028 tantum

255 1129 288 1191 et
309 1126 405 1209 paulo
427 1125 512 1189 infra
536 1125 677 1208 apertius
702 1125 798 1187 etiam
822 1124 885 1206 (vv.
912 1126 951 1188 17
977 1123 1075 1208 sqq.):

363 1311 450 1350 nemo
473 1294 573 1349 tamen
597 1291 702 1349 studiis
726 1291 882 1367 indignum
905 1291 983 1348 ferre
1003 1283 1140 1349 laborem

363 1402 486 1480 cogetur
508 1399 642 1474 posthac,
667 1398 760 1456 nectit
784 1398 964 1472 quicumque
988 1398 1102 1456 canoris
1177 1479 1180 1486 .

363 1506 514 1581 eloquium
537 1506 638 1564 vocale
661 1505 755 1563 modis
778 1507 957 1580 laurumque
981 1506 1149 1575 momordit.

362 1615 417 1671 hoo
441 1613 529 1688 agite,
554 1631 572 1669 o
595 1612 725 1682 iuvenes,
751 1612 950 1687 circumspicit
974 1615 1003 1671 et
1026 1600 1161 1670 stimulat
1184 1631 1237 1671 vos

363 1719 580 1793 materiamque
603 1718 660 1776 sibi
684 1719 766 1777 ducis
790 1719 975 1795 indulgentia
1000 1720 1117 1794 quaerit.

261 1891 323 1958 Sed
345 1892 415 1956 haec
439 1891 556 1955 solacia
579 1909 661 1954 vana
685 1912 752 1954 esse
776 1891 933 1956 videntur.
985 1889 1052 1966 Quo
1079 1892 1197 1955 diutius
1222 1893 1329 1976 scrip-

257 2020 307 2106 tor
345 2018 456 2080 fractis
491 2020 523 2079 et
558 2015 694 2079 adflictis
726 2016 821 2079 rebus
859 2019 1026 2099 poetarum
1064 2021 1249 2100 occupatur,
1286 2041 1328 2083 eo

259 2143 392 2206 celerius
428 2163 500 2224 spes
536 2141 602 2204 eius
639 2140 678 2204 ad
712 2141 838 2233 irritum
869 2142 963 2206 cadit.
1010 2139 1183 2222 Quondam,
1208 2143 1327 2226 inquit,

262 2267 387 2331 labores
411 2265 552 2350 praemiis
577 2265 692 2329 debitis
717 2268 1018 2348 compensabantur:

657 2434 730 2489 tuno
753 2432 827 2489 utile
849 2433 951 2490 multis

418 2537 529 2618 pallere
554 2540 583 2595 et
606 2537 709 2594 vinum
732 2540 796 2596 toto
820 2509 930 2596 nescire
954 2539 1119 2597 Decembri.

217 2783 219 2793 Ι
261 2708 329 2774 lam
353 2731 428 2773 vero
452 2710 559 2773 omnia
581 2712 704 2772 mutata
729 2731 796 2772 esse
821 2712 977 2793 queritur:

369 2875 434 2950 quis
457 2874 512 2932 tibi
535 2875 689 2947 Maecenas,
716 2876 780 2951 quis
805 2896 883 2935 nuno
907 2878 963 2936 erit
987 2882 1040 2936 aut
1063 2879 1235 2948 Proculeius

371 2984 424 3039 aut
446 2981 567 3051 Fabius
593 2982 658 3056 quis
684 2981 771 3041 Cotta
795 2983 914 3056 iterum,
940 2986 1005 3060 quis
1029 2986 1174 3046 Lentulus
1199 2989 1291 3046 alter?

262 3173 370 3252 Dicae,
394 3172 421 3234 si
444 3172 533 3250 velis,
557 3173 591 3234 111
613 3172 662 3235 his
686 3175 829 3238 versibus
852 3178 980 3257 poetam
1002 3199 1066 3240 non
1087 3178 1148 3241 sibi
1165 3181 1326 3255 constarc;

262 3319 326 3361 non
360 3297 554 3381 negaverim.
602 3295 663 3361 Sed
697 3298 774 3362 licet
808 3299 901 3382 plura
932 3300 1151 3366 huiuscemodi
1181 3303 1326 3386 exempla

263 3422 348 3504 apud
383 3443 454 3484 eum
489 3422 712 3503 invenerimuS,
747 3423 808 3488 1100
843 3429 951 3489 tamen
986 3427 1063 3506 loco,
1094 3427 1149 3491 ubi
1181 3429 1326 3492 detristi

264 3545 446 3610 condicione
470 3568 535 3609 suae
560 3548 663 3610 aetatis
687 3552 853 3630 poetarum
878 3551 956 3636 agit,
980 3551 1194 3616 inconstantia
1211 3555 1277 3617 eius
1294 3555 1325 3616 et

264 3669 411 3754 intellegi
434 3674 539 3752 potest
563 3674 594 3734 et
618 3674 772 3736 excusari.

372 3793 421 3857 Ex
456 3796 495 3858 iis
531 3797 571 3860 35
602 3798 756 3878 versibus,
781 3801 894 3882 quibus
918 3799 1078 3865 luvenalis
1102 3803 1249 3868 universe
1273 3806 1325 3869 do·

264 3919 385 3999 scribit,
409 3922 565 4003 quomodo
588 3921 651 3984 illis
675 3925 871 4006 temporibus
895 3926 1083 3990 necessitate
1108 3929 1209 3992 coacti
1233 3931 1256 3993 ii
1279 3931 1324 3994 11-

264 4049 385 4124 verent,
411 4046 465 4129 qui
490 4047 632 4110 carmina
655 4055 888 4131 componerent,
913 4074 1020 4115 omnes
1044 4052 1111 4116 fere
1127 4054 1232 4118 locum
1247 4058 1326 4120 bene
