2854 4828
559 444 732 507 45..

97 621 193 684 hunc
223 620 329 684 locum
353 621 524 704 explicant.
571 620 760 686 Thomasius
780 623 802 700 ¹)
827 623 928 686 credit
949 623 1071 686 victum
1094 622 1174 686 Aia.-

98 767 179 810 cem
202 768 266 810 non
289 769 346 829 pro
370 745 499 811 Tiberio
522 748 660 830 positum
684 769 763 828 esse,
780 749 832 812 sed
852 748 991 831 aliquem
1007 770 1047 812 ex
1063 748 1173 811 amicis

97 869 218 934 Seiani
256 871 383 954 respici,
419 872 483 954 qui,
523 893 595 936 cum
629 872 786 936 scelerum
821 873 888 936 eius
922 873 1025 936 socius
1060 873 1174 936 fuisset

98 996 238 1078 iamque
259 1017 293 1058 se
317 997 357 1059 ab
382 995 492 1058 amicis
517 996 619 1060 deseri
640 996 773 1067 videret,
790 1018 853 1061 non
870 997 1118 1062 contemnendus
1134 997 1173 1060 iis

98 1119 256 1182 inimicus
278 1120 348 1182 fieri
372 1123 488 1203 posset.
536 1116 648 1204 Itaque
673 1122 784 1200 credit,
809 1125 970 1186 senatores
993 1123 1064 1186 illos
1087 1144 1173 1186 mor-

97 1247 199 1307 tuum
234 1242 384 1307 Seianum
408 1265 551 1324 vexasse,
576 1249 612 1308 ut
635 1249 667 1308 et
690 1245 837 1311 Tiberius
861 1246 1040 1311 voluntates
1064 1269 1171 1312 eorum

98 1372 313 1452 cognosceret
347 1372 379 1432 et
403 1369 476 1452 ipsi,
500 1371 527 1432 si
550 1371 680 1433 nomina
704 1391 812 1435 eorum
836 1372 876 1436 ab
899 1371 981 1435 irato
1006 1372 1108 1436 amico
1133 1373 1173 1435 ad

98 1491 272 1557 Tiberium
295 1494 401 1558 delata
425 1497 540 1570 essent,
557 1493 714 1558 haberent
729 1519 792 1578 quo
807 1517 840 1560 se
857 1495 1074 1561 defenderent.
1111 1494 1173 1560 Sed

99 1617 210 1680 multo
234 1617 412 1700 simplicior
434 1618 535 1682 altera
558 1611 614 1681 illu
638 1619 809 1702 explicatio
832 1623 890 1684 est.

216 1740 294 1805 Cum
329 1740 485 1806 Strubeus
519 1741 730 1826 Weiseusque
766 1745 884 1822 dicunt,
919 1743 1104 1808 Iuvenalem
1139 1745 1172 1808 in

97 1865 213 1928 satiris
236 1866 301 1930 suis
325 1889 409 1950 saepe
429 1889 599 1931 memorem
616 1869 713 1932 fuisse
730 1869 858 1932 illorum
874 1870 1074 1952 scriptorum,
1092 1891 1171 1953 quos

97 1991 193 2072 apud
216 1989 362 2054 rhetores
384 1991 527 2076 legisset,
545 1994 762 2076 exemplisque
778 1993 838 2058 hoc
855 1995 1052 2072 confirmant,
1069 1994 1172 2058 omni-

98 2118 164 2180 bus
192 2116 231 2179 iis
254 2116 331 2180 locis
355 2116 471 2196 allatis,
495 2118 550 2201 qui
574 2139 646 2181 cum
673 2120 787 2182 ceteris
816 2119 1023 2201 scriptoribus
1052 2119 1171 2202 aliquid

98 2263 276 2305 commune
311 2241 429 2306 habere
464 2242 621 2320 videntur,
656 2265 754 2306 unum
781 2244 941 2322 omittunt,
966 2244 1056 2327 quod*
1074 2267 1102 2307 v.
1129 2245 1170 2308 96

98 2365 284 2430 invenitur:

425 2517 455 2572 et
478 2515 530 2590 qui
552 2516 659 2573 nolunt
682 2515 813 2573 occidere
838 2535 1018 2591 quemquam

257 2639 341 2696 posse
366 2622 472 2679 volunt
577 2614 587 2633 ’“

212 2799 277 2864 Vix
301 2806 349 2864 est
372 2801 513 2878 dubium,
538 2803 616 2885 quin
638 2801 808 2880 Iuvenalis
833 2825 904 2866 cum
927 2803 988 2867 hoc
1004 2804 1169 2882 scriberet,

99 2927 143 2989 de
168 2927 274 2990 verbis
299 2925 460 2991 Ciceronis
485 2927 687 3010 cogitaverit:
724 2929 843 3011 inqua
867 2928 1048 3009 (servitute)
1072 2928 1167 2991 etiam

98 3051 133 3113 si
156 3073 218 3115 non
241 3051 283 3114 sit
306 3051 456 3115 molestus
480 3051 635 3130 dominus,
652 3054 758 3116 tamen
776 3057 824 3116 est
839 3053 1051 3117 miserrimum
1067 3074 1169 3135 posse,

99 3176 133 3238 si
168 3175 298 3251 velit2).
352 3175 419 3239 Cfr.
454 3198 504 3240 vv.
543 3178 728 3241 125—126.
775 3175 942 3240 Orationes
980 3176 1168 3260 Philippicae

100 3301 254 3364 manibus
278 3300 505 3383 discipulorum
521 3301 682 3364 rhetorum
699 3302 783 3365 tritae
801 3307 901 3364 erant.
937 3299 1013 3376 Quae
1030 3324 1168 3384 sequun-

98 3429 158 3488 tur
181 3447 231 3488 vv.
258 3425 402 3490 97—98:

379 3601 430 3658 sed
454 3619 520 3675 quae
544 3602 688 3676 praeclara
712 3604 742 3658 et
764 3620 906 3676 prospera
930 3602 1008 3660 tanti

160 3721 168 3736 ¹
264 3709 300 3764 ut
323 3707 411 3766 rebus
434 3708 510 3766 laetis
533 3727 588 3784 par
611 3707 650 3766 sit
673 3727 811 3766 mensura
835 3709 982 3766 malorum

331 3823 340 3856 δ

215 3948 235 4016 ¹)
255 3949 284 4001 P.
304 3948 427 4002 Tironis:
446 3949 520 4003 Note
539 3967 585 4002 sur
602 3949 722 4003 Juvenal
741 3950 773 4002 X.
788 3951 901 4013 84—85,
915 3951 1009 4004 Revue
1022 3950 1055 4003 de
1068 3949 1129 4018 phil
1148 3949 1166 4002 l.

103 4038 180 4091 VIII.
201 4037 303 4104 (1884).

215 4125 235 4195 ⁹)
256 4127 332 4181 Orat.
352 4126 454 4197 Philip.
473 4127 547 4180 VIII.
568 4127 609 4179 12.
