2930 4836
697 424 891 488 -136—

265 617 337 666 su‘os
359 603 443 663 tecte
468 602 647 678 admonere,
668 619 708 665 ne
724 601 793 666 istis
810 602 987 686 importatis
1003 603 1215 686 religionibus
1231 605 1324 668 nimis

193 759 198 768 ·
265 745 298 787 se
334 725 459 788 dedant.
507 725 607 788 Addit
634 724 774 790 Palmius
798 729 935 809 poetam,
960 728 1103 809 quamvis
1129 751 1147 790 a
1171 729 1324 810 peculiari

265 849 501 933 Aegyptiorum
524 851 730 914 immanitatis
755 850 900 933 exemplo
920 851 1150 934 proficiscatur,
1169 853 1209 915 ad
1224 856 1325 916 totam

263 996 354 1046 suam
386 977 513 1038 aetatem
536 978 700 1058 totumque
725 997 825 1060 genus
848 975 1020 1042 humanum
1045 980 1206 1059 spectare;
1227 979 1325 1060 equod

265 1103 374 1162 contra
409 1099 591 1182 Kempfium
625 1098 896 1183 Weidnerumque
921 1102 1095 1179 confirmat,
1121 1103 1175 1184 qui
1200 1106 1324 1166 tautum

264 1223 356 1286 modo
391 1223 462 1288 illas
495 1225 572 1290 duas
607 1231 719 1309 gentes
743 1225 921 1310 Aegyptias
945 1226 1061 1308 respici
1084 1231 1209 1309 putant.
1256 1226 1326 1303 Qua

205 1331 206 1338 ἵ
265 1348 298 1410 in
321 1370 354 1410 re
379 1347 537 1412 Palmium
560 1351 664 1429 laudo
690 1352 745 1413 sed
768 1351 814 1414 ita
838 1355 873 1414 ut
888 1351 946 1413 has
962 1333 1071 1415 laudes
1088 1373 1160 1414 cum
1177 1352 1325 1435 Kempfio

264 1470 500 1556 Weidneroque
538 1475 757 1548 communicet,
792 1497 927 1558 quorum
950 1475 1107 1538 sententia
1131 1477 1228 1540 etiam
1251 1501 1325 1561 pro-

265 1598 369 1662 banda
393 1599 449 1662 est.
493 1597 551 1661 Ille
576 1600 660 1662 enim
685 1622 722 1662 eu
746 1601 848 1684 magis
872 1601 1012 1682 respicit,
1037 1623 1107 1683 qum
1132 1601 1165 1664 in
1188 1603 1323 1685 posteri·

265 1723 371 1786 oribus
407 1724 560 1802 versibus,
596 1723 630 1786 hi
664 1747 734 1808 quae
769 1725 803 1789 in
826 1725 984 1806 prioribus
1008 1729 1196 1790 tractantur.
1243 1727 1323 1790 Mihi

265 1849 393 1931 quidem
419 1849 599 1913 universam
623 1851 753 1913 satiram
777 1850 988 1913 consideranti
1012 1855 1105 1934 poeta
1129 1853 1167 1915 de
1192 1843 1324 1936 Aegyp·

264 1973 316 2036 tiis
351 1973 479 2055 quidem
503 1996 598 2057 agere
622 1974 757 2052 videtur,
781 1975 826 2038 ita
849 1978 957 2056 tamen
981 1979 1015 2038 ut
1039 1997 1146 2039 omnes
1170 1976 1323 2056 homines

264 2098 340 2180 quid
376 2069 415 2160 ad
449 2120 557 2160 veram
591 2099 823 2163 humanitatem
851 2100 1032 2182 cultumque
1057 2103 1226 2182 pertineat,
1250 2102 1323 2166 inde

265 2223 398 2286 discant.

370 2346 579 2412 Weidnerum
596 2353 819 2432 argumentum
835 2349 933 2412 huius·
945 2349 1062 2434 eclogae
1080 2351 1243 2414 insolitum
1256 2373 1322 2414 esse

266 2475 359 2554 atque
385 2495 403 2534 a
427 2473 524 2536 satira
548 2473 686 2537 alienum
709 2478 833 2556 putare,
857 2474 1053 2557 supradixi.
1090 2475 1192 2539 Credo
1216 2480 1322 2539 tamen

263 2595 447 2660 Iuvenalem
481 2620 520 2660 ne
556 2599 589 2660 in
627 2598 687 2661 hac
722 2599 851 2681 quidem
886 2622 904 2662 a
939 2621 994 2662 suo
1023 2621 1140 2682 genere
1164 2601 1323 2664 scribendi

265 2722 449 2785 desciscere.
496 2721 580 2786 Nam
614 2728 650 2786 ut
682 2725 907 2788 aral—13
931 2725 1130 2806 incipiamus,
1155 2727 1226 2808 quis
1252 2749 1323 2789 eum

263 2868 327 2909 non
362 2851 536 2931 agnoscat?
571 2847 649 2911 Inde
685 2871 702 2912 a
737 2851 844 2928 verbo,
878 2851 961 2932 quod
985 2853 1034 2912 est
1057 2851 1185 2913 demens
1210 2851 1252 2932 (v.
1280 2853 1322 2934 1),

264 2994 362 3054 usque
387 2971 426 3035 ad
451 2994 497 3046 ea,
522 2995 603 3056 quae,
628 2977 663 3036 ut
686 2975 860 3056 saepissime
885 2975 968 3056 apud
993 2997 1064 3038 eum
1088 2975 1133 3052 fit,
1155 2998 1213 3058 per
1230 2999 1323 3060 asyn-

264 3097 359 3160 deton
382 3097 555 3161 adduntur:
582 3097 728 3162 carnibus
752 3098 898 3162 humanis
921 3100 1007 3162 vesci
1030 3099 1115 3177 lieet,
1133 3101 1247 3179 omnia,
1265 3124 1324 3166 nec

264 3193 394 3298 minime
429 3245 504 3286 sane
540 3223 728 3286 exclamatio
765 3245 811 3301 ea,
847 3246 916 3306 quae
946 3227 993 3286 est
1015 3247 1045 3287 v.
1072 3225 1123 3301 10,
1147 3247 1331 3306 sermonem,

264 3341 504 3410 luvenalianum
528 3347 642 3410 mirum
667 3350 820 3430 quantum
844 3348 1007 3430 resipiuut.
1055 3347 1159 3422 Quid?
1194 3351 1248 3434 qui
1273 3373 1323 3413 se-

265 3473 404 3552 quuntur
438 3495 488 3535 vv.
515 3472 643 3534 14—26
672 3494 747 3536 num
772 3469 932 3551 Iuvenale,
957 3495 1032 3537 num
1056 3473 1153 3536 satira
1177 3474 1324 3558 indigni?

264 3593 403 3657 Mendax
437 3595 491 3658 ille
521 3597 711 3682 aretaloguS‚
736 3619 830 3680 quem
854 3619 933 3660 unus
958 3620 997 3661 ex
1020 3597 1218 3678 Phaeacibus,
1243 3622 1324 3664 non-

265 3719 340 3782 dum
375 3719 489 3794 ebrius,
526 3720 559 3782 iu
593 3744 681 3784 mare
705 3722 788 3785 abici
811 3722 909 3800 iubet,
934 3723 1016 3805 quod
1040 3724 1200 3806 Elpenora
1224 3745 1323 3808 gruu-

264 3843 360 3907 uiisse
395 3847 591 3907 commentus
627 3849 683 3925 est,
720 3869 793 3910 num
829 3847 936 3930 inepte
972 3848 1150 3911 inducitur?
1186 3845 1223 3911 ln
1252 3849 1324 3912 rixa

265 3968 471 4031 describenda
495 3968 568 4031 inde
593 3991 611 4032 a
633 3993 663 4034 v.
688 3972 729 4034 33
754 3974 847 4054 poeta
871 3972 975 4036 iocose
1000 3995 1095 4057 agera
1119 3994 1182 4036 non
1198 3981 1325 4056 semper

264 4095 378 4175 potest,
403 4093 477 4176 quia
500 4093 532 4156 in
557 4116 590 4157 re
614 4095 751 4158 nefanda
774 4100 929 4174 versatur,
946 4101 1053 4162 tamen
1069 4098 1101 4160 in
1118 4097 1219 4178 initio,
1235 4105 1324 4181 post-
