2930 4836
563 450 758 512 -119-

121 629 222 692 modo
256 627 427 710 prudentes
462 627 536 703 sint,
572 627 682 690 eadem
716 626 870 691 felicitate
905 626 968 690 frui
1002 645 1094 708 posse
1126 622 1190 704 (vv.

126 752 331 834 315-316).

236 877 297 940 His
320 878 415 940 rebus
436 875 587 958 expositis
604 879 636 939 et
652 876 840 972 examinatis
857 872 1017 939 Iuvenalis
1033 873 1071 936 ad
1090 873 1190 957 epito-

127 1025 207 1088 gum
243 1003 358 1067 transit
393 1000 456 1083 (vv.
482 999 681 1082 316-331).
727 999 820 1079 Vive,
854 1000 969 1082 inquit,
993 1022 1091 1082 parvo
1116 1021 1191 1062 con·
1270 1041 1280 1071 ,-

128 1130 248 1204 tentus,
285 1149 444 1209 compara,
471 1147 533 1208 quo
555 1125 673 1188 famem
701 1127 732 1188 et
755 1125 858 1208 frigus
883 1120 1044 1203 defendas,
1068 1121 1191 1208 reliqua

126 1252 242 1316 omitte
267 1250 330 1331 (vv.
357 1248 561 1331 316-321);
597 1250 623 1313 si
647 1249 707 1313 tibi
730 1250 824 1314 nimis
847 1271 963 1333 parcus
986 1250 1105 1324 videor,
1129 1271 1192 1314 non

127 1376 280 1459 impedio,
305 1397 344 1438 ne
369 1397 499 1438 censum
523 1377 702 1456 equestrem
725 1378 781 1438 aut
796 1374 989 1438 senatorium
1006 1395 1190 1460 comparare

128 1502 270 1575 coneris;
295 1501 322 1563 si
346 1522 458 1564 eonon
476 1503 641 1563 contentus
658 1500 730 1578 eris,
747 1521 786 1562 ne
804 1499 912 1563 Croesi
928 1499 1055 1582 quidem
1072 1498 1191 1562 divitiae

129 1627 291 1690 sufficient
315 1624 377 1700 (vv.
403 1624 601 1706 322—331).

238 1749 326 1814 Duas
350 1749 450 1834 igitur
472 1771 523 1811 res
547 1772 565 1811 a
588 1746 738 1812 Iuvenale
762 1749 795 1812 in
819 1748 916 1812 satira
940 1748 1192 1830 quartadecima

131 1875 263 1940 tractari
299 1875 452 1952 videmus,
487 1874 616 1937 minime
652 1873 735 1936 inter
757 1895 790 1936 se
815 1872 982 1936 dissimiles
1007 1876 1039 1936 et
1062 1872 1192 1951 alienas

129 2001 188 2064 sed
212 2004 279 2062 arte
304 1999 495 2063 coniunctas.
542 1998 697 2082 Loquitur
720 2002 815 2080 poeta
838 1999 876 2061 de
900 2019 998 2080 prava
1021 1998 1193 2062 liberorum

129 2108 330 2189 institutione
367 2128 399 2187 et
433 2124 471 2186 de
506 2123 545 2188 iis
580 2123 740 2206 periculis
771 2144 841 2206 qnae
866 2123 1014 2186 inmotis
1038 2122 1192 2205 exemplis

133 2250 312 2314 domesticis
335 2249 447 2312 latent.
487 2247 566 2312 Haec
589 2248 635 2310 ita
658 2247 807 2330 disponit,
832 2250 867 2310 ut
890 2248 1027 2330 primum
1048 2245 1192 2328 (11.1-

135 2375 211 2456 loo)
236 2376 274 2438 de
298 2375 337 2438 iis
362 2373 447 2437 vitiis
472 2373 616 2450 disserat,
640 2395 710 2455 quae
734 2372 838 2451 liberi,
855 2375 1022 2455 parentum
1040 2365 1193 2455 exemplis

131 2499 283 2582 corrupti,
319 2501 431 2581 sponte
465 2481 598 2580 ipsaque
634 2499 748 2560 natura
779 2498 857 2559 duce
880 2497 1055 2575 imitantur,
1081 2497 1193 2560 deinde

138 2628 201 2702 (vv.
228 2621 416 2703 lor—331)
440 2622 480 2684 ad
504 2622 681 2697 avaritiam,
705 2621 844 2686 omnium
867 2621 1016 2685 vitiorum
1031 2625 1194 2704 tamquam

132 2748 254 2811 fontem
277 2750 309 2831 et
333 2747 500 2831 originem,
524 2750 682 2820 transeat;
707 2769 802 2829 quam
818 2746 991 2829 separatim
1006 2749 1192 2828 pertractat,

133 2894 204 2935 cum
229 2876 378 2955 parentes
402 2893 464 2935 non
488 2872 580 2935 modo
605 2871 758 2954 exemplis
780 2893 891 2934 verum
913 2871 1011 2934 etiam
1026 2872 1194 2954 praeceptis

131 2976 251 3061 liberos
274 2995 450 3068 hortentur,
475 2999 511 3059 ut
532 2995 621 3060 illam
644 2996 728 3060 viam
752 2996 982 3080 ingrediantur.
1029 2995 1107 3060 Haec
1131 2995 1194 3058 dis-

132 3121 249 3204 positio
283 3143 346 3185 non
370 3121 581 3203 vituperanda
604 3125 661 3198 est,
686 3143 800 3204 neque,
824 3121 851 3184 si
874 3121 1001 3206 singula
1024 3143 1195 3204 perseque-

136 3268 219 3324 mur,
254 3246 364 3324 multa,
400 3268 470 3329 quae
494 3245 740 3330 reprehensione
764 3247 862 3331 digna
885 3247 958 3325 sint,
988 3247 1193 3311 inveniemus

134 3368 327 3434 Iterationes
363 3371 601 3450 sententiarum,
637 3394 706 3454 quae
741 3374 773 3435 in
808 3372 868 3436 hac
903 3373 1001 3435 satira
1035 3393 1096 3435 non
1124 3394 1196 3436 raro

134 3499 318 3572 occurrunt,
348 3495 482 3560 fortasse
504 3495 645 3560 molestae
669 3497 770 3560 videri
795 3500 934 3580 possunt,
959 3497 1014 3559 sed
1037 3518 1139 3580 neque
1164 3498 1196 3560 id

134 3643 155 3683 a
179 3623 282 3702 poetae
314 3642 430 3704 genere
454 3621 614 3684 scribendi
638 3615 776 3684 alienum
801 3626 857 3696 est,
881 3644 984 3705 neque
1007 3622 1196 3686 obliviscen-

137 3745 212 3808 dum
247 3748 305 3823 est,
340 3750 467 3827 poetam
499 3746 531 3808 in
555 3745 595 3808 iis
618 3746 705 3808 vitiis
730 3747 947 3810 examinandis
971 3748 1100 3826 versari,
1126 3770 1196 3830 quae

137 3872 211 3933 ante
235 3869 341 3933 omnia
365 3870 553 3953 gravissima
577 3891 644 3934 esse
669 3875 785 3950 censet,
810 3894 905 3954 quam
928 3874 967 3938 ob
991 3895 1057 3937 rem
1082 3875 1196 3940 mirum

136 4016 198 4074 non
234 3996 292 4071 est,
330 3993 356 4056 si
391 4016 498 4057 omnes
533 4017 644 4059 nervos
681 3998 851 4080 contendit,
876 4002 911 4062 ut
934 4000 1054 4063 animos
1078 4022 1196 4075 eorum,

136 4118 193 4200 qui
217 4119 358 4192 audiunt,
382 4124 579 4184 commoveat
594 4121 783 4208 penitusque
799 4127 958 4190 mentibus
975 4147 1084 4191 eorum
1099 4130 1198 4192 verba
