2854 4828
548 447 721 510 -57—

206 625 256 690 Dc
291 600 495 690 incommodis
531 647 649 696 eorum,
685 624 739 708 qui
763 624 893 688 formosi
916 627 999 701 sunt,
1022 647 1073 687 vv.
1099 625 1171 688 289Ι

95 753 210 815 -345
246 751 364 836 agitur.
417 749 492 815 Non
526 751 594 814 sine
630 754 714 827 arte;
750 773 825 814 nam
859 750 905 813 ita
940 751 1163 833 argumentum

96 877 256 959 disposuit
290 881 394 958 poeta,
430 880 474 953 ut,
499 877 582 959 quod
607 875 832 960 gravissimum
856 878 951 948 esset,
962 874 1162 957 maximeque

94 1003 136 1064 ad
166 1002 421 1085 persuadendum
458 1002 606 1065 idoneum
633 1002 825 1084 exemplum,
849 1001 996 1064 ultimum
1019 1001 1162 1081 poneret.

94 1127 272 1210 Postquam
291 1126 472 1193 Messalinae
490 1148 561 1189 cum
578 1125 655 1190 Silio
672 1127 791 1208 nuptiae
809 1129 1060 1188 commemoratae
1078 1127 1161 1199 sunt,

94 1256 267 1335 postquam
301 1251 444 1334 nequitia
479 1251 624 1334 coniugis
659 1251 861 1333 imperatoris
890 1249 1021 1314 concisis
1046 1248 1163 1326 verbis,

94 1377 240 1440 breviter
275 1379 307 1439 et
341 1379 451 1457 aperte
488 1377 703 1438 demonstrata
738 1377 785 1438 est
820 1373 874 1452 (ad
906 1373 1071 1437 infamiam
1096 1373 1163 1436 eius

94 1501 270 1564 notandam
293 1500 328 1563 hi
351 1521 461 1564 versus
485 1500 598 1563 callide
622 1500 821 1564 inseruntur:

250 1695 312 1752 haec
335 1697 370 1752 tu
393 1697 505 1752 secreta
530 1699 559 1752 et
582 1694 683 1769 paucis
707 1694 861 1774 commissa
884 1694 1030 1771 putabas:

249 1820 306 1859 non
332 1800 386 1859 nisi
409 1800 539 1876 legitime
563 1802 630 1858 vult
653 1800 776 1870 nubere)

94 1987 270 2066 postquam
294 1983 493 2046 notissimum
517 1954 596 2046 illud
620 1981 774 2060 omnibus
799 1982 853 2065 qui
876 1982 1038 2067 legebant,
1056 2003 1162 2044 exem·

95 2109 197 2192 plum,
230 2129 272 2170 ex
307 2107 441 2170 historia
475 2106 692 2170 Romanorum
727 2109 898 2188 sumptum,
935 2110 983 2169 est
1019 2106 1161 2185 allatum,

94 2233 194 2297 finem
228 2237 324 2315 poeta
346 2231 426 2295 facit
450 2233 490 2296 ob
515 2254 585 2295 cam
609 2254 746 2309 causam,
771 2231 853 2315 quod
877 2231 1004 2316 longius
1027 2232 1074 2322 ire
1098 2254 1162 2295 non

95 2361 214 2441 potest.
261 2355 351 2432 Quod
387 2357 472 2420 enim
507 2357 593 2419 aliud
629 2357 810 2440 exemplum
845 2355 958 2420 melius
982 2359 1074 2431 esset,
1100 2378 1161 2439 quo

94 2483 203 2546 verbis
238 2482 303 2545 suis
338 2481 434 2544 fidem
469 2481 611 2545 faceret?
657 2481 709 2546 Sic
740 2503 810 2544 eum
835 2481 868 2543 in
891 2481 990 2544 satira
1013 2482 1161 2559 secunda,

95 2607 234 2671 Gracchi
263 2627 335 2669 cum
359 2606 518 2670 cornicine
542 2607 662 2689 nuptiis
687 2606 852 2683 enarratis
877 2606 970 2688 plura
993 2606 1161 2687 pravitatis

94 2736 126 2795 et
166 2731 316 2814 nequitiae
355 2731 493 2794 virorum
533 2731 680 2814 exempla
718 2753 780 2794 non
819 2730 944 2807 addere,
988 2731 1050 2794 alio
1087 2730 1158 2794 loco

95 2857 292 2922 ostendimus
308 2853 335 2938 ¹)
369 2879 440 2921 cum
463 2855 532 2920 istis
556 2856 675 2939 nuptiis
699 2858 861 2938 tamquam
886 2855 1048 2939 fastigium
1075 2855 1161 2919 vitiis

95 2982 279 3065 impositum
316 3003 393 3056 esse,
430 3003 532 3064 neque
568 2980 695 3044 omnino
729 2981 784 3043 illo
818 2980 886 3044 loco
910 3002 958 3043 vv.
988 2979 1159 3044 143-148

96 3107 225 3171 defendi
248 3128 339 3189 posse
365 3107 551 3169 diceremus

204 3229 387 3294 Orationem
404 3230 539 3292 strictim
557 3230 762 3314 attingamus,
799 3227 1071 3313 interrogationes
1088 3234 1179 3322 sunt

95 3379 146 3420 vv.
172 3357 248 3431 290,
272 3357 336 3420 302
361 3354 451 3436 (nota
474 3354 601 3436 forma),
627 3323 834 3434 321¹(eadem
852 3354 976 3436 forma),
995 3355 1058 3418 324
1076 3355 1159 3433 (duae

96 3481 262 3564 deinceps:
288 3501 370 3544 nova
394 3480 480 3545 eninr
494 3501 638 3563 persona
662 3502 747 3544 more
771 3476 930 3543 Iuvenalis
947 3479 1053 3544 subito
1068 3479 1160 3543 indu·

96 3605 202 3686 citur).
246 3603 331 3669 Usus
355 3605 531 3687 particula,
555 3627 626 3688 quae
651 3609 699 3668 cst
721 3607 878 3687 praetarea
901 3606 945 3684 (v.
971 3604 1060 3686 300),
1085 3626 1160 3668 con-

98 3730 178 3793 ferri
213 3733 318 3812 potest
344 3751 416 3794 cum
440 3727 496 3792 VI.
523 3731 596 3794 107.
643 3728 730 3794 Nota
753 3730 921 3794 verborum
943 3729 1090 3793 iunctura
1114 3732 1163 3793 est

94 3877 123 3917 v.
162 3855 236 3918 310.
283 3853 416 3919 Duobus
447 3854 525 3918 locis
548 3854 580 3916 in
605 3852 665 3918 hac
689 3854 789 3918 satira
812 3875 921 3918 versus
944 3855 991 3918 ita
1014 3854 1161 3918 collocati

205 4135 225 4205 ι)
245 4137 366 4192 Gramma
385 4139 403 4191 l.
424 4139 441 4191 l.
460 4155 506 4206 pp.
529 4138 569 4201 17,
591 4137 649 4192 109.
