2854 4828
554 451 727 514 47.-

100 632 262 712 repugnet
295 649 388 691 nemo
421 631 509 692 vetet
533 633 574 704 (v.
600 629 686 706 627).
733 629 825 693 Adde
850 651 866 707 e
890 629 986 693 tertia
1009 651 1081 692 cum
1106 591 1169 694 alia

101 757 172 815 tum
206 751 289 822 haec:
310 753 428 817 ‘haeres
464 757 496 816 et
531 754 657 818 dubitas
693 761 734 830 (v.
760 755 846 833 135),
882 758 971 838 optes
997 758 1168 837 votumque

101 878 188 940 feras
213 881 254 954 (v.
280 878 368 955 276),
393 879 539 961 dispenso
564 882 596 942 et
618 882 762 962 tempero
786 879 875 942 filum
897 877 939 959 (v.
958 880 1044 956 287).
1081 878 1169 943 Inter

105 993 249 1083 pericula
284 992 393 1067 mortis
430 1026 554 1066 annona
577 1004 632 1066 illa
656 1004 770 1067 veneni
793 1005 898 1068 locum
921 1005 982 1066 iton
1006 1004 1090 1070 male
1114 1005 1168 1068 de-

100 1127 215 1191 fendit.
262 1125 352 1202 Quod
385 1127 431 1190 ait
453 1128 661 1206 Ribbeckius,
691 1116 883 1192 nonomnia
905 1149 1029 1192 venena
1052 1150 1168 1214 magno
1234 1151 1239 1162 ·

100 1252 205 1334 pretio
240 1255 394 1327 constare,
431 1275 499 1316 esse
536 1254 632 1316 etiam
657 1253 822 1332 vilissima,
846 1275 909 1316 non
933 1257 982 1316 est
1005 1254 1167 1335 credibile,

100 1375 305 1440 libidinosum
340 1376 500 1442 hominem
535 1379 748 1460 eundemque,
769 1379 910 1458 divitem,
938 1379 967 1442 si
990 1379 1168 1462 periculum

100 1505 195 1580 esset,
236 1524 275 1566 ne
313 1504 430 1586 probra
469 1503 536 1565 eius
576 1504 811 1588 detegerentur,
847 1505 985 1587 primum
1020 1505 1185 1588 quodque

97 1648 258 1689 vene-num
282 1629 322 1690 ad
345 1627 509 1690 inimicum
532 1628 706 1691 tollendum
724 1628 942 1692 adhibiturum
958 1628 1067 1693 fuisse.
1101 1629 1189 1720 ch

95 1751 211 1814 neficae
235 1752 375 1835 pretium
398 1753 599 1837 flagitabant,
625 1776 687 1818 nou
710 1775 803 1838 nego,
828 1754 883 1817 sed
907 1775 974 1816 rem
999 1754 1038 1816 ad
1061 1757 1166 1818 tutum

96 1876 223 1938 exitum
247 1878 475 1959 perducebant.
521 1877 682 1942 Praeterea
705 1899 768 1941 nou
793 1881 841 1940 est
864 1877 1078 1973 necessarium
1102 1881 1167 1941 sta-

98 2004 200 2080 tuere,
227 1999 395 2066 Naerolum
419 2025 448 2066 v.
474 2004 515 2065 99
540 2024 573 2066 se
598 2003 637 2066 ad
662 2003 798 2066 amicum
815 2006 1009 2083 convertere,
1026 2006 1061 2066 ut
1077 2003 1166 2086 quasi

96 2148 117 2188 e
135 2125 287 2191 cathedra
304 2131 466 2210 praecepta
483 2128 511 2191 ei
529 2131 561 2191 et
576 2128 697 2191 monita
716 2128 778 2206 det,
796 2150 869 2190 nam
885 2129 993 2207 verba,
1010 2129 1168 2210 quaesunt

101 2272 164 2314 neo
189 2255 371 2316 contemnas
396 2255 450 2316 aut
474 2253 640 2336 despicias
665 2253 810 2316 universe
835 2253 918 2316 dicta
942 2275 1009 2316 esse
1025 2257 1167 2338 possunt.

208 2373 357 2460 Sequitur
400 2377 561 2460 responsio
599 2382 713 2460 poetae,
754 2401 803 2441 vv.
844 2379 1166 2455 102-119(-123).

98 2500 177 2576 Quae
201 2501 234 2564 in
257 2501 415 2584 principio
440 2502 591 2586 leguntur
614 2503 712 2566 verba
735 2525 753 2565 o
778 2501 933 2585 Corydon,
955 2477 1109 2585 Corydon,
1127 2525 1166 2566 ex

98 2625 159 2690 ecl.
184 2625 322 2711 Vergilii
347 2629 457 2689 mutua
481 2627 563 2690 sumi
587 2663 628 2672 —-
652 2649 772 2691 morem
789 2627 874 2690 enim
890 2626 986 2690 fuisse
1004 2627 1167 2710 discipulis

96 2750 273 2830 rhetorum,
309 2755 344 2815 ut
379 2755 532 2835 quantum
567 2752 637 2815 fieri
671 2756 778 2835 posset
813 2754 1028 2838 cognitionem
1055 2753 1168 2836 optimi
1256 2795 1258 2798 -

95 2876 252 2958 cuiusque
288 2876 451 2959 scriptoris
487 2879 685 2940 ostentarent
710 2913 748 2922 --
774 2877 838 2940 iam
861 2878 883 2941 ii
908 2879 1166 2958 observaverunt,

95 3002 156 3084 qui
180 3002 214 3065 in
237 3002 397 3066 rhetorica
420 2997 580 3066 Iuvenalis
605 3001 772 3084 disciplina
797 3003 1014 3067 adumbranda
1037 3025 1166 3067 versan-

96 3133 163 3207 tur,
200 3132 235 3190 ut
269 3126 422 3192 Strubeus
441 3126 466 3204 ¹)
502 3127 565 3190 alii.
612 3125 727 3190 Ultimi
761 3149 871 3190 versus
906 3129 1166 3211 118—123qu0

95 3254 194 3320 modo
229 3252 357 3337 legendi
393 3251 619 3335 disponendive
644 3252 717 3324 sint,
743 3252 928 3316 difficillima
951 3252 1085 3334 quaestio
1108 3256 1166 3318 est.

93 3377 240 3462 Operam
268 3377 469 3459 studiumque
495 3377 527 3440 in
551 3399 620 3440 eam
645 3377 707 3441 viri
731 3377 824 3455 docti,
849 3399 911 3440 non
936 3377 1002 3439 sine
1027 3376 1166 3440 maxima

94 3503 305 3578 dissensione,
335 3501 546 3565 contulerunt.
594 3501 690 3584 Apud
714 3497 861 3565 Iahnium
879 3501 903 3578 2)
929 3501 974 3564 ita
996 3501 1165 3586 leguntur:

190 3670 350 3728 vivendum
374 3672 452 3727 recte
477 3673 521 3727 est
545 3688 612 3727 oum
636 3671 759 3744 propter
782 3667 920 3742 plurima,
945 3673 1012 3725 turn
1035 3670 1082 3727 vel

190 3777 299 3836 idcirco
322 3780 358 3834 ut
380 3776 475 3850 possis
498 3776 634 3851 linguam
659 3779 845 3834 contemnere
869 3775 957 3833 servi.

96 3897 314 3906 -——-—--—-—--·-

212 3965 231 4034 ¹)
251 3965 282 4020 E.
303 3965 421 4019 Srnnsr:
452 3965 493 4018 De
511 3963 650 4018 rhetorica
668 3964 810 4018 luvenalis
830 3963 988 4032 disciplina,
1009 3963 1165 4018 Brandenb.

98 4056 172 4110 187)
191 4055 282 4212 pltill
302 4145 383 4197 Innu:
404 4142 490 4198 Persii
509 4142 648 4198 Iuvenalis
669 4142 799 4212 Sulpiciae
819 4145 928 4204 saturae,
949 4141 1038 4196 Berol.
1059 4141 1137 4194 1868.

1042 4249 1058 4300 2
