2930 4836
309 419 314 443 ί

692 453 887 517 -102-

226 673 229 686 ·
257 633 407 697 malebat.
453 596 497 696 Et
531 631 682 715 quoniam
717 591 935 694 satira'tertia
958 629 1082 692 decima
1104 628 1164 691 hoc
1189 625 1319 689 consilio

258 758 377 841 scripta
413 761 470 833 est,
496 757 691 820 delectamur
715 778 752 819 ea
776 759 808 819 et
831 758 957 838 poetam
981 756 1185 835 admiramur,
1210 757 1264 839 qui
1288 756 1319 819 in

258 887 348 946 tanta
371 883 527 946 malorum
550 882 767 964 scelerumque
792 880 968 944 colluvione
992 880 1152 944 maleficos
1175 879 1319 945 homines

260 1009 298 1071 de
322 1008 420 1071 animi
444 1007 637 1071 conscientia
662 1007 832 1070 admonere
857 1027 951 1070 ausus
967 1007 1018 1069 sit.
1058 1005 1173 1070 Melior
1190 1011 1237 1070 est
1252 1006 1319 1069 haec

259 1133 368 1212 satira,
404 1135 436 1195 et
471 1132 554 1215 quod
589 1132 629 1195 ad
665 1131 831 1195 consilium
864 1135 967 1214 poctae
992 1134 1024 1194 et
1047 1131 1130 1214 quod
1154 1132 1194 1196 ad
1219 1131 1320 1214 ipsam

259 1257 394 1321 formam
418 1261 450 1319 et
474 1257 714 1343 dispositionem
738 1257 862 1335 attinet,
887 1278 982 1340 quam
1005 1260 1041 1320 ut
1057 1278 1129 1319 cum
1145 1254 1321 1319 Ribbeckio

261 1385 366 1446 errata
390 1384 514 1445 tantum
539 1386 571 1445 et
593 1381 702 1473 inania
724 1382 823 1445 verba
847 1381 1069 1445 declamatoris
1092 1381 1125 1443 in
1151 1361 1188 1444 ea
1210 1382 1321 1463 depre-

262 1506 449 1571 hendamus.
488 1507 595 1589 Atque
620 1507 648 1569 si
670 1505 892 1590 Bergmueller
915 1507 953 1569 de
977 1507 1107 1590 ingenio
1129 1510 1232 1589 poetae
1252 1528 1322 1569 cum

229 1653 237 1666 ·
262 1632 470 1714 despicientia
498 1631 635 1715 quadam
658 1631 814 1714 loquitur:
839 1632 916 1695 satis
940 1635 1135 1715 compertum
1159 1631 1322 1708 habemus,

262 1757 376 1839 inquit,
412 1754 606 1834 Iuvenalem,
643 1777 714 1818 cum
748 1756 926 1839 simplicem
957 1756 1144 1840 plerumque
1169 1756 1324 1820 rationem

262 1885 451 1966 argumenta
487 1903 526 1944 cx
560 1881 718 1966 gravitate
754 1881 970 1966 distinguendi
1004 1884 1166 1965 sequatur,
1201 1903 1264 1945 non
1287 1903 1324 1944 ea

263 2006 387 2090 ingenii
423 2006 486 2070 alte
521 2004 675 2070 evolantis
711 2009 743 2069 et
773 2007 918 2070 ubertate
942 2011 974 2070 et
997 2006 1192 2070 fecunditate
1217 2007 1324 2083 fuisse,

264 2134 300 2193 ut
334 2131 508 2194 orationem
545 2133 585 2196 ab
619 2133 705 2194 omni
739 2131 904 2194 ieiunitate
940 2134 972 2194 et
1000 2131 1154 2214 languore
1179 2137 1326 2195 avocaret

263 2277 367 2338 neque
404 2256 443 2318 ad
477 2256 624 2338 putidum
658 2278 743 2339 saepe
766 2256 997 2338 molestumque
1022 2256 1225 2320 delaberetur
1249 2257 1326 2319 arti-

265 2380 405 2456 ficium;'
424 2381 521 2443 immo
557 2403 595 2444 ex
625 2381 791 2464 particulis
816 2403 941 2464 quoque
964 2381 998 2444 in
1020 2380 1262 2444 transitionibus
1286 2381 1326 2444 ab

265 2527 302 2568 eo
337 2507 508 2588 usurpatis,
544 2528 639 2588 quam
663 2527 795 2589 operoso
821 2506 931 2569 labore
955 2510 1078 2569 saturas
1102 2505 1326 2588 composuerit,

266 2629 371 2692 elucet
389 2629 413 2710 ¹)
449 2667 489 2674 -
525 2629 585 2694 hac
609 2631 723 2694 saltem
746 2631 780 2693 in
803 2632 902 2694 satira
924 2631 1035 2712 putida
1058 2630 1114 2693 illa
1137 2633 1170 2693 et
1192 2630 1328 2693 molesta

266 2754 403 2816 artificia
426 2776 488 2818 non
511 2758 601 2817 tanta
625 2776 692 2818 esse
717 2756 874 2834 videntur,
898 2758 934 2818 ut
956 2755 996 2818 iis
1019 2755 1168 2832 officiant,
1186 2755 1240 2837 qui
1258 2778 1330 2819 eam

266 2878 402 2963 legendo
431 2880 617 2961 scriptorem
642 2883 673 2941 et
696 2880 829 2943 candide
853 2880 1042 2942 sentientem
1067 2883 1099 2942 et
1123 2880 1255 2942 candide
1280 2881 1330 2944 di-

267 3007 392 3066 centem
409 3025 600 3087 cognoscere
615 3004 725 3068 velint.
764 3004 808 3067 m
838 3005 920 3068 imeo
937 3005 1091 3087 profecto,
1108 3025 1147 3066 ne
1164 3004 1197 3066 in
1214 3006 1329 3068 ceteris

267 3149 392 3214 quoque
428 3129 544 3206 satiris,
580 3129 634 3212 qui
669 3130 714 3192 ita
748 3129 899 3206 iudicent,
934 3129 1035 3192 multa
1068 3150 1131 3190 non
1154 3129 1330 3206 inveniant,

269 3275 339 3335 quae
363 3258 429 3317 tam
453 3275 564 3318 severo
586 3254 703 3322 iudicio
727 3255 951 3338 suffragentur.

376 3378 575 3463 Quamquam
606 3379 813 3444 seuerissima
838 3380 869 3441 in
895 3379 993 3442 satira
1015 3378 1110 3442 tertia
1135 3378 1257 3441 decima
1280 3400 1331 3442 res

269 3506 448 3567 tractantur
465 3481 572 3587 ‘atque
599 3505 632 3568 in
654 3504 740 3568 vitiis
764 3526 877 3586 parum
900 3504 1044 3566 iucundis
1068 3503 1215 3566 notandis
1238 3507 1331 3586 poeta

270 3629 425 3705 versatur,
459 3631 567 3691 tamen
601 3651 688 3692 more
724 3649 780 3691 suo
813 3628 883 3691 ioca
917 3628 1012 3711 plena
1036 3628 1225 3691 facetiarum
1248 3628 1332 3693 serio

271 3752 409 3815 sermoni
444 3753 637 3816 admiscendi
672 3775 705 3816 se
742 3753 901 3818 abstinere
925 3775 986 3816 non
1010 3756 1125 3836 potest,
1150 3774 1222 3816 cum
1245 3756 1331 3816 recte

272 3877 334 3942 sibi
369 3877 571 3960 persuaserit,
599 3878 774 3942 orationem
797 3878 841 3940 sic
866 3878 991 3941 facilius
1016 3877 1128 3941 animis
1152 3899 1260 3940 eorum
1283 3877 1332 3939 in-

383 4143 403 4212 ¹)
424 4144 603 4197 Bruaartrara
622 4143 640 4196 l.
660 4143 678 4197 l.
698 4162 724 4212 p.
745 4144 787 4196 21.
