2854 4828
735 411 909 474 ,96-

819 594 924 652 lectica
947 594 1096 653 Mathonis
1112 659 1116 666 ,
1145 560 1150 570 Ι
1195 565 1211 600 i

392 704 480 780 plena
503 702 583 778 ipso:
607 703 777 778 posthunc
800 702 902 778 magni
925 702 1040 760 delator
1064 683 1150 762 cmiii

167 944 172 952 .
288 893 353 957 Cfr.
378 893 456 957 Hor.
481 895 541 958 sat.
566 890 592 956 I.
618 894 647 956 6.
673 893 717 956 54

821 1095 951 1171 optimus
975 1095 1045 1154 olim

397 1203 558 1279 Vergilius
582 1207 651 1278 post.
673 1203 753 1261 hunc
775 1203 884 1262 Varius
909 1203 1007 1261 dixere
1032 1202 1104 1277 quid
1127 1223 1231 1264 essem.

287 1393 342 1473 At,
378 1394 535 1477 inquiunt,
571 1387 664 1457 nemo
699 1394 769 1473 scit,
802 1416 879 1458 unm
902 1417 936 1457 re
960 1418 1037 1459 vera
1061 1395 1210 1461 Carrinas
1232 1419 1358 1482 pauper

288 1523 320 1584 et
343 1519 433 1602 inops
456 1519 573 1583 vixerit
596 1517 733 1582 Athenis
756 1518 865 1602 ibique
889 1541 923 1582 se
946 1520 1151 1604 iugulaverit,
1175 1544 1250 1586 nam
1266 1525 1358 1587 testis

286 1645 343 1710 nbi
377 1647 447 1708 est?
492 1642 577 1708 Ubi:
612 1641 680 1708 luv.
715 1640 790 1707 Vll.
826 1643 901 1709 205.
947 1643 1061 1729 Neque
1091 1647 1181 1738 ‚enim
1216 1649 1257 1712 ob
1286 1670 1358 1713 earn

289 1792 417 1834 causam
452 1768 651 1833 Carrinatem
685 1769 818 1852 periisse
853 1768 990 1834 Athenis
1022 1792 1141 1856 negare
1176 1794 1355 1855 possumus

288 1897 373 1980 quod
408 1896 492 1978 apud
526 1897 647 1958 ceteros
682 1894 854 1977 scriptores
884 1893 965 1957 nihil
989 1895 1112 1959 dehac
1136 1918 1170 1959 re
1194 1901 1356 1964 narretur.

288 2018 321 2084 Si
345 2019 473 2103 quidem
497 2019 654 2098 Carrinas,
680 2018 828 2105 Caligula
849 2021 1037 2104 imperante,
1054 2021 1088 2085 iu
1105 2021 1254 2087 exsilium
1271 2023 1357 2089 eiec-

287 2148 338 2208 tus
362 2148 420 2224 est,
444 2146 528 2228 quod
551 2145 635 2208 inter
658 2167 767 2210 omnes
791 2149 922 2224 constat,
946 2146 1052 2229 potuit
1075 2144 1213 2210 Athenis
1237 2149 1272 2210 in
1297 2151 1357 2213 mi-

288 2270 371 2333 seria
394 2270 500 2334 rivere
525 2273 558 2332 et
580 2272 714 2333 mortem
737 2269 799 2333 sibi
821 2269 889 2353 ipse
914 2270 1118 2350 consciscere,
1135 2273 1243 2354 potuit
1260 2274 1358 2337 etiam

287 2394 425 2460 Romam
459 2395 592 2472 reverti3
629 2398 799 2478 utcumque
824 2416 874 2458 res
899 2398 957 2474 est,
980 2418 1032 2459 vv.
1057 2396 1210 2460 205—-06
1235 2397 1358 2462 nullam

287 2521 434 2603 praebent
469 2519 698 2582 difficultatem.
745 2517 779 2584 Si
806 2518 944 2583 Romam
966 2518 1104 2584 Athenis
1127 2521 1224 2586 rediit
1246 2522 1359 2588 rhetor

289 2645 355 2724 ille,
379 2667 409 2710 v.
434 2646 498 2708 206
523 2645 561 2710 de
586 2643 715 2709 Socrate
739 2644 875 2727 scriptus
899 2647 965 2722 est3
989 2645 1016 2708 si
1039 2644 1177 2709 Athenis
1201 2648 1295 2728 obiit,
1319 2650 1357 2712 de

287 2774 422 2853 utroque
446 2792 564 2834 eorum.
610 2768 772 2833 Praeterea
805 2769 832 2833 si
866 2771 974 2849 verba,
1005 2791 1076 2854 quae
1101 2773 1174 2834 sunt
1198 2773 1231 2834 et
1254 2771 1352 2851 hunc,

291 2895 331 2959 ad
355 2893 517 2959 Socratem
540 2893 725 2972 referamus,
759 2893 912 2976 sequitur,
948 2898 983 2958 ut
1006 2894 1090 2958 hunc
1114 2917 1241 2979 quoque
1264 2919 1357 2962 vanae

265 2997 469 3102 ¹sterilisque
505 3018 666 3082 cathedrae
700 3018 896 3102 paenituerit,
927 3019 1010 3101 quod
1033 3020 1139 3084 nescio
1164 3043 1205 3082 an
1228 3021 1358 3086 inaudi-
1407 3041 1409 3146 ⁴

288 3147 358 3208 tum
381 3145 433 3208 sit.

394 3266 436 3332 V.
473 3269 537 3332 215
568 3270 661 3350 poeta
685 3235 801 3331 transit
825 3269 865 3331 ad
887 3267 1011 3333 labores
1036 3271 1068 3332 et
1091 3270 1224 3351 praemia
1248 3292 1359 3355 gram-
1407 3239 1409 3310 ]

288 3395 477 3459 matioorum
511 3393 594 3456 inter
629 3415 662 3456 se
698 3393 899 3457 conferenda.
945 3391 1019 3458 Non
1054 3396 1103 3457 est
1131 3394 1214 3477 quod
1239 3394 1296 3458 diu
1320 3396 1358 3458 ad
1408 3457 1409 3486 ,

289 3519 347 3584 hos
370 3539 479 3583 versus
502 3539 732 3597 remaneamus
757 3539 829 3581 cum
853 3521 926 3601 apte
950 3516 1116 3601 compositi
1132 3518 1195 3581 sint
1211 3520 1245 3581 et
1260 3519 1359 3582 nullis
1408 3497 1409 3508 ἵ

289 3642 527 3727 impedimentis
550 3643 705 3706 retardati
721 3642 802 3706 alter
819 3642 955 3706 alterum
970 3641 1254 3742 facileexcipiant.
1291 3643 1359 3707 Ex·

289 3768 384 3832 tremi
407 3788 517 3832 versus
540 3767 575 3830 hi
598 3770 691 3831 sunt:
1408 3741 1409 3754 ἵ

419 3988 491 4057 hac,
516 3986 624 4062 inquit,
649 4004 735 4044 curas
759 3989 789 4044 et
813 4005 880 4045 cum
903 4005 934 4045 se
957 3986 1081 4044 verterit
1105 4003 1209 4056 annus,

419 4093 518 4170 accipe
541 4093 648 4153 victori
670 4094 798 4169 populus
823 4094 913 4170 quod¹
926 4093 1060 4168 postulat
1083 4111 1190 4151 aurum
