2930 4836
586 449 760 512 —77—
850 439 853 444 ’

292 649 326 690 ac
350 631 460 688 nudam
478 631 609 706 *effigiem
633 631 727 706 clipeo
750 631 894 689 venientis
918 635 948 688 et
970 632 1055 689 hasta

291 738 505 813 pendentisque
529 739 575 796 dei
598 738 732 813 perituro
756 739 925 797 ostenderet
947 739 1026 798 hosti

126 893 239 956 Poeta
274 893 362 972 dicit,
391 889 545 956 cassidem
567 892 678 956 militis
702 892 838 956 Romani
860 874 1004 976 'perituro
1028 893 1112 956 hosti
1136 894 1203 958 effi-

126 1018 227 1102 giem
262 1016 375 1080 Martis
400 1018 575 1095 ostendere,
598 1017 755 1081 venientis
780 1016 883 1099 clipeo
907 1019 939 1079 et
960 1016 1053 1080 hasta
1077 1021 1109 1080 et
1124 1039 1203 1100 pen·
1302 1003 1308 1015 ⁹

130 1142 256 1206 dentis
295 1141 328 1206 Si
352 1143 480 1225 quidem
503 1143 611 1218 minax
635 1142 756 1225 aliquid
779 1140 854 1205 huic
877 1142 1011 1224 imagini
1029 1143 1202 1206 attribuere

130 1266 254 1346 voluit,
290 1267 411 1349 clipeus
440 1271 478 1330 et
512 1266 604 1330 hasta
636 1267 811 1330 desiderari
834 1266 888 1330 vix
911 1270 1051 1349 possunt.
1097 1266 1204 1329 Minus

129 1393 243 1477 igitur
265 1387 439 1474 probabilis
456 1393 613 1455 sententia
630 1391 819 1455 Buecheleri
835 1392 970 1467 videtur,
987 1393 1085 1455 verba
1101 1392 1204 1475 clipeo

130 1519 172 1580 et
210 1515 303 1580 hasta
339 1517 620 1581 everha-nudam
644 1517 782 1600 pendere
802 1517 836 1600 ¹).
884 1517 1068 1602 Aliixaliter
1092 1517 1130 1579 de
1153 1509 1204 1580 his

129 1642 286 1706 versibus
322 1641 493 1725 disputant.
551 1640 665 1705 Credo.
690 1641 829 1725 effigiem
863 1641 977 1705 Martis
1013 1641 1047 1704 in
1081 1663 1204 1724 summa

129 1765 237 1852 galea
271 1766 379 1843 fuisse,
415 1770 447 1829 et
480 1767 527 1828 ite
561 1767 689 1849 quidem
722 1766 851 1846 factam,
876 1771 910 1830 ut
934 1767 1021 1844 dene,
1046 1766 1148 1848 clipeo
1172 1769 1205 1828 et

129 1891 236 1955 hasta
263 1895 413 1966 armatae,
437 1890 680 1974 proclinaretur‚
705 1893 867 1974 tamquam
891 1891 918 1954 si
942 1894 974 1954 et
998 1913 1068 1954 snos
1093 1889 1204 1954 defen·

130 2019 218 2081 dere
255 2020 286 2079 et
319 2015 426 2080 hostes
456 2018 577 2078 terrere
600 2016 706 2079 vellet.
755 2015 819 2079 cfr.
844 2017 927 2099 quod
952 2016 990 2078 de
1015 2038 1052 2078 ea
1075 2037 1109 2078 re
1133 2037 1205 2078 mea

131 2141 272 2226 quidem
296 2141 454 2204 sententia
478 2141 558 2204 bene
583 2140 758 2224 disputavit
781 2139 938 2204 Schrader
954 2140 990 2222 ῃ).

254 2370 273 2439 ¹)
293 2372 324 2424 F.
350 2371 508 2424 Bncnnnaa:
537 2369 722 2425 Coniectanea
741 2371 774 2424 de
793 2369 862 2425 silio
881 2371 1013 2425 Iuvenale
1032 2370 1132 2424 Plauto
1152 2373 1204 2425 cet.

131 2465 213 2518 Mus.
233 2461 321 2516 Rhen.
340 2461 442 2514 XXXV
462 2459 554 2527 (1880)
574 2478 620 2528 pp.
640 2461 691 2513 390
711 2478 769 2528 sqq.

253 2548 273 2616 ⁹)
294 2549 449 2604 Serranam:
475 2537 549 2602 Uber
567 2549 699 2602 Juvenals
718 2549 756 2602 XI
776 2549 833 2603 Sat.
848 2568 892 2603 vv.
907 2550 1056 2603 roo-107.
1085 2549 1206 2618 Gymna-

131 2639 291 2709 sialprogr.
329 2639 444 2692 Stendal
464 2637 541 2691 1831.
