2854 4828
583 431 758 494 -27—

127 611 194 672 est.
239 607 334 674 Multi
357 610 473 674 nostris
498 609 693 692 temporibus
716 609 791 674 libri
814 610 961 674 vindiciae
985 607 1199 675 luvenalianae

128 734 353 798 inscribuntur
371 733 404 816 ¹).

243 837 358 942 Neque
386 859 419 938 ii,
445 860 500 942 qui
523 858 580 923 hos
603 859 728 924 libellos
752 863 1006 943 composuerunt,
1031 861 1201 945 integrita-

130 987 203 1048 tem
237 981 398 1048 Iuvenalis
433 985 604 1048 satirarum
638 985 707 1048 sine
741 1006 837 1048 causa
869 985 1039 1049 defendere
1062 985 1199 1049 student.

130 1107 210 1172 Sive
257 1107 343 1171 enim
388 1108 596 1173 elocutionem
634 1110 832 1192 respicimus,
871 1109 938 1173 sive
977 1112 1199 1194 argumentum

129 1231 250 1315 ipsum,
275 1232 428 1296 maiorem
450 1232 535 1296 inter
557 1234 679 1316 priores
703 1237 736 1296 et
750 1235 940 1315 posteriores
956 1235 1070 1297 satiras
1087 1233 1201 1297 simili-

131 1357 280 1420 tudinem
314 1357 513 1422 intercedere
547 1359 735 1435 videbimus,
760 1380 856 1442 quam
879 1362 915 1422 ut
938 1358 1009 1422 illas
1033 1362 1201 1422 tantuma

133 1479 299 1558 Iuvenale,
335 1481 393 1546 has
428 1484 469 1547 ab
503 1483 663 1547 imitatore
698 1483 834 1566 scriptas
869 1505 937 1547 esse
966 1483 1202 1547 contendamus.

131 1603 210 1670 Nisi
233 1607 325 1684 forte,
349 1595 433 1690 quod
448 1611 557 1670 monet
573 1605 732 1686 Weiseus‚
749 1607 1007 1691 interpolatorem
1023 1585 1119 1671 istum
1135 1611 1203 1670 tam

134 1731 310 1814 diligenter
343 1734 463 1795 ettam
487 1731 626 1794 feliciter
649 1729 834 1808 Iuvenalem
857 1733 1017 1796 imitatum
1041 1753 1109 1796 esse
1132 1754 1202 1795 cre·
1279 1731 1283 1739 '

132 1857 205 1933 das,
230 1858 265 1918 ut
287 1855 480 1938 interpolata
503 1877 521 1919 a
545 1855 693 1940 genuinis
718 1855 855 1919 discerni
877 1879 940 1920 non
962 1827 1094 1939 possint.

245 1977 320 2043 Nou
355 1980 393 2042 de
429 1980 575 2043 omnibus
604 1980 749 2044 versibus
773 1981 942 2044 satirarum
965 1978 1119 2044 X--XVI
1142 1979 1203 2044 hoc

131 2105 255 2180 valere,
291 2105 387 2168 facile
422 2105 567 2170 concedo.
614 2104 663 2169 Re
696 2127 772 2168 vera
806 2104 902 2168 iniis
925 2106 1026 2168 multa
1048 2106 1203 2183 videmua

131 2251 221 2314 quae,
245 2230 343 2293 etiam
366 2229 392 2292 si
417 2252 436 2292 a
459 2226 609 2293 Iuvenale
633 2230 845 2293 abiudicanda
861 2251 929 2294 esse
945 2252 1008 2295 non
1023 2230 1203 2309 videantur,

130 2357 246 2418 tamen
276 2377 295 2417 a
318 2354 463 2418 sollemni
487 2353 554 2418 eius
579 2354 705 2417 dicendi
728 2375 845 2439 genere
869 2355 1007 2437 quodum
1030 2355 1123 2420 modo
1147 2355 1203 2419 ab·

131 2480 301 2542 horreant.
348 2477 410 2542 Sed
444 2501 485 2542 ne
519 2478 589 2544 haec
613 2479 741 2562 quidem
765 2479 935 2559 sufficiunt,
958 2480 986 2542 si
1010 2479 1082 2544 inde
1107 2501 1203 2564 argu·

131 2606 248 2668 menta
271 2625 396 2667 sumere
420 2602 565 2682 velimus,
584 2605 699 2687 quibus
715 2603 930 2668 Ribbeckium
945 2607 1032 2668 recte
1047 2603 1204 2668 iudicasse

130 2729 320 2813 probemus.
360 2726 456 2792 Cuius
480 2728 518 2791 de
543 2728 702 2792 sententia
716 2729 815 2792 verba
830 2726 936 2792 Iahnii
946 2728 973 2810 2)
989 2729 1118 2793 omnino
1133 2751 1205 2792 mea

132 2853 241 2918 facio:
272 2853 368 2917 dubia
393 2855 484 2916 acute
507 2853 643 2917 movisse
667 2853 881 2917 Ribbeckium
904 2875 1050 2937 agnosco,
1075 2853 1130 2917 sed
1154 2875 1205 2917 re-

133 2978 281 3044 medium
312 3000 375 3061 quo
399 2978 499 3040 utitur
521 2977 574 3041 vel
596 2977 668 3041 ideo
692 2978 848 3060 displicet,
872 2979 956 3061 quod
980 2979 1064 3040 omni
1089 2979 1205 3061 proba-

135 3102 266 3168 bilitate
301 3105 399 3166 caret.
447 3100 645 3185 Quamquam
681 3102 765 3166 enim
797 3103 960 3166 interum
983 3105 1097 3165 natura
1120 3101 1205 3166 haud

131 3249 213 3292 raro
245 3249 320 3291 rere
354 3228 422 3290 fieri
446 3227 564 3303 videas,
589 3249 660 3310 quae
684 3231 816 3290 narratu
839 3249 902 3291 non
925 3226 1105 3309 probabilia
1128 3226 1202 3305 sint,

135 3356 249 3414 tamen
284 3351 318 3414 iu
348 3350 434 3415 omni
458 3353 537 3429 arte,
562 3351 688 3434 quando
710 3373 783 3414 raro
807 3351 914 3414 evenit
937 3353 973 3412 ut
996 3349 1071 3433 quid
1094 3371 1205 3422 rerum

134 3475 185 3539 sit
207 3475 302 3538 certis
326 3475 523 3558 argumentis
547 3475 684 3553 evincas,
708 3475 794 3538 omni
817 3474 909 3538 modo
933 3473 1140 3537 adnitendum
1159 3477 1207 3537 est

137 3653 355 3664 ‚...-...—....

225 3805 229 3813 .
252 3757 272 3826 ¹)
292 3758 323 3811 Β.
349 3757 450 3812 Luras:
478 3757 1061 3820 VindiciaeIuvenalianae,Bonnae1864;
1090 3757 1120 3811 Ο.
1140 3757 1207 3810 Mni-

137 3843 236 3903 renurz':
263 3846 346 3901 Vind.
374 3846 498 3900 Iuvenal.
522 3846 630 3915 Regim.
651 3847 734 3910 1866;
763 3847 793 3899 Ρ.
812 3847 953 3900 Donrscn:
981 3846 1064 3900 Vind.
1083 3846 1206 3900 Iuvenal.

139 3937 263 3992 Monast
292 3936 374 3999 1870;
402 3935 435 3987 R.
464 3935 575 3989 Wnrss:
603 3934 685 3989 Vind.
714 3936 838 3990 Iuvenal.
876 3935 956 3989 Halis
981 3935 1146 3998 sax.1884;
1175 3934 1207 3988 G.

140 4026 304 4081 Mosnraun:
332 4023 415 4077 Vind.
435 4024 560 4078 Iuvenal.
597 4023 699 4092 Lipsiae
719 4023 787 4078 1887
808 4028 860 4080 cet.

254 4111 274 4181 ¹)
295 4113 325 4167 Ο.
344 4113 415 4166 Jrnn
434 4112 464 4165 in
482 4112 648 4182 praelatione
667 4112 798 4168 editionis
819 4115 889 4169 1868
907 4132 934 4183 p.
955 4113 996 4167 10.
