2916 4834
475 367 814 504 ‚kar—1
910 377 913 402 '

119 594 198 657 teris
222 593 443 657 versabantur.
489 591 641 682 Primum¹
656 592 694 655 de
717 589 842 655 miseris
865 592 978 676 poetiS,
1002 594 1057 676 qui
1081 597 1113 658 et
1127 617 1186 678 pe·
1252 574 1257 585 .

117 719 212 783 nuria
248 721 280 782 et
310 717 447 782 olivione
471 721 540 781 tum
562 717 763 796 laborabant,
788 717 934 781 universe
957 717 1098 802 loquitur
1121 718 1185 801 (vv.

120 842 251 927 1-35).
298 841 427 906 Transit
451 843 491 906 ad
514 842 646 927 singula
662 841 860 906 incommoda
876 843 1030 926 docetque
1047 845 1187 910 maxima
1250 885 1256 898 ι

117 970 357 1053 impedimenta,
392 990 432 1032 ne
467 969 570 1051 poetae
601 990 748 1032 successu
777 953 969 1049 fruerentur,
994 969 1028 1033 in
1052 971 1187 1034 avaritia

118 1095 254 1159 divitum
287 1097 493 1177 patronorum
527 1094 588 1157 sita
624 1115 691 1157 esse
727 1092 790 1176 (vv.
817 1093 983 1175 γ36-97).
1029 1094 1111 1160 Tum
1146 1097 1187 1159 ad

117 1220 326 1284 historiarum
359 1219 530 1304 scriptores
564 1222 782 1304 transgressus
810 1223 966 1283 monstrat
998 1241 1049 1283 eos
1073 1221 1187 1299 iisdem

60 1444 62 1452 γ
118 1346 255 1410 vinculis
289 1345 442 1430 egestatis
473 1345 633 1428 implicari
657 1343 848 1446 (aa—104).
894 1342 931 1408 ln
956 1345 1068 1408 eadem
1092 1368 1188 1410 causa
1290 1363 1294 1382 ‘
1341 1354 1343 1363 ’

123 1494 191 1536 esse
216 1472 392 1536 causidicos
416 1469 480 1552 (vv.
506 1469 709 1554 los—mm:
733 1471 858 1560 magnis
882 1470 952 1534 illos
975 1471 1117 1564 premiis
1139 1472 1188 1535 la-

119 1599 233 1662 borum
258 1597 368 1662 adfici:
392 1595 706 1678 siccopetasunculo,
723 1595 852 1678 thynnis
869 1595 990 1678 aliquot
1003 1599 1058 1659 aut
1070 1597 1186 1662 bulbis.
1210 1677 1212 1680 ¹
1279 1638 1281 1646 ,

119 1721 249 1786 Transit
283 1722 357 1793 inde
389 1723 429 1785 ad
458 1721 612 1800 rhetores,
648 1742 783 1804 quorum
806 1724 923 1784 sortem
945 1721 1096 1786 miseram
1119 1711 1187 1787 esse

121 1848 199 1912 dicit
221 1845 435 1930 (rso-214),
459 1868 522 1910 non
544 1849 651 1909 tamen
676 1818 754 1909 adeo
776 1843 935 1923 miseram,
952 1849 988 1908 ut
1003 1868 1066 1909 non
1079 1868 1188 1930 gram·
1260 1934 1262 1944 ,

118 1973 310 2036 maticorum
333 1971 479 2035 miserior
502 1970 602 2034 etiam
623 1971 674 2048 sit,
699 1970 755 2053 qui
777 1971 842 2034 toto
866 1991 948 2033 anno
971 1992 1036 2034 non
1061 1973 1189 2036 tantum

121 2097 291 2179 accipiant,
309 2099 463 2180 quantum
478 2117 540 2160 uno
557 2095 607 2158 die
623 2095 658 2158 in
674 2095 758 2158 circo
774 2094 894 2178 aurigae
909 2093 972 2176 (vv.
987 2096 1188 2179 als—243).

227 2220 382 2305 Magnam
420 2219 664 2284 similitudinem
701 2219 735 2282 in
773 2223 961 2303 argumento
996 2220 1190 2303 disponendo

120 2347 206 2409 inter
230 2345 362 2408 satiram
384 2344 513 2407 tertiam
537 2346 570 2406 et
592 2344 761 2426 septimam
784 2343 992 2421 intercedere,
1012 2345 1078 2407 iam
1094 2367 1190 2428 supra

121 2470 269 2533 diximus.
315 2462 366 2533 lbi
400 2490 526 2552 quoque
560 2471 655 2551 poeta
689 2467 803 2550 incipit
838 2489 856 2530 a
889 2468 975 2531 tristi
1005 2471 1037 2531 et
1061 2469 1189 2534 adflicto

120 2596 218 2657 statu'
231 2615 340 2657 eorum
362 2591 536 2672 hominum,
561 2593 616 2676 qui
639 2592 673 2655 in
696 2593 774 2655 urbe
798 2590 930 2655 honeste
954 2593 1062 2657 vivere
1079 2595 1187 2657 stude-⁴

120 2721 209 2797 bant,
234 2717 348 2782 deinde
371 2718 461 2782 varia
483 2717 682 2781 incommoda
705 2715 866 2793 describit,
891 2717 1006 2800 quibus
1017 2718 1046 2780 ii
1059 2718 1189 2782 adficie-

120 2847 248 2922 bantur,
273 2844 328 2927 qui
344 2851 540 2907 communem
555 2841 716 2905 luxuriam
732 2846 764 2905 et
776 2841 1053 2926 ingravescentem
1065 2865 1188 2906 morum

121 2969 382 3053 depravationem
406 2989 478 3031 cum
495 2967 646 3031 divitibus
662 2967 857 3050 participare
870 2966 1022 3031 nolebant
1034 2970 1089 3052 aut
1102 2971 1189 3031 certe

120 3117 187 3158 non
215 3095 375 3177 poterant.
422 3090 498 3167 Quae
528 3089 703 3156 similitudo
725 3095 882 3175 praeterea
907 3091 946 3154 ad
968 3091 1074 3174 ipsum
1097 3091 1191 3156 habi-

120 3222 192 3282 tum
219 3221 252 3281 et
274 3217 409 3282 formam
432 3238 531 3300 usque
554 3215 706 3299 pertinet,
730 3217 758 3279 si
780 3215 909 3299 quidem
931 3216 965 3278 iu
977 3216 1191 3296 transitiones,

121 3343 237 3426 quibus
272 3341 373 3405 utitur
406 3344 512 3424 poeta,
547 3323 657 3404 oculos
691 3340 856 3418 coicimus3
891 3362 955 3423 qua
985 3340 1023 3404 de
1047 3363 1081 3404 re
1105 3341 1191 3404 infra

120 3469 300 3552 loquemur.

230 3589 353 3670 Sinceri
388 3612 456 3654 esse
491 3591 518 3653 si
548 3590 692 3654 volumus
715 3589 930 3653 confitendum
954 3592 1013 3668 est,
1038 3589 1191 3674 exiguum

123 3717 294 3781 admodum
326 3715 360 3778 id
394 3714 551 3779 solacium
576 3719 655 3790 esse,
684 3714 767 3797 quod
790 3714 825 3776 in
847 3713 939 3777 initio
963 3714 1070 3777 satira
1095 3737 1114 3778 a
1137 3711 1191 3777 lu·

122 3841 235 3906 venale
270 3840 373 3924 poetis
403 3839 529 3904 miseris
557 3839 731 3922 praebetur.
778 3836 839 3913 Qui
862 3840 982 3922 quanta
1005 3838 1039 3901 in
1062 3838 1191 3902 miseria

122 3966 187 4030 illis
221 3964 419 4048 temporibus
451 3964 571 4064 versati
601 3963 674 4040 sint,
699 3967 890 4047 quantaeque
914 3984 999 4026 curae
1024 3985 1084 4026 eos.
1101 3985 1192 4045 pres·
1231 4053 1234 4060 Ι

122 4091 234 4171 serint,
257 4089 417 4153 neminem
440 4087 542 4173 fugit3
566 4110 663 4172 quam
686 4089 726 4154 ob
749 4110 817 4152 rem
841 4087 932 4172 digni
957 4088 1059 4166 erant,
1076 4088 1191 4170 quibus

1069 4212 1085 4264 6
