2854 4828
725 434 876 496 „4-

376 612 558 677 Orationem
582 611 674 694 quasi
696 633 759 674 uno
778 614 888 674 tenore
904 609 1063 694 profluere
1080 609 1230 682 diximus
1248 609 1342 672 nulla

269 760 357 802 mora
380 737 576 820 impeditam.
623 735 683 800 Est
706 740 813 798 tamen
836 735 870 798 in
892 735 984 799 initio
1007 735 1113 805 satirae
1135 755 1249 798 versus
1266 735 1343 816 qui-

270 864 352 940 dam.
377 877 472 945 quem
495 862 521 924 si
545 861 718 924 retinemus
742 861 817 923 ordo
841 882 859 922 a
882 881 933 922 me
956 859 1049 923 modo
1071 858 1222 921 laudatus
1240 857 1344 922 vehe-

269 989 407 1071 menter·
428 987 678 1068 interrumpatur
713 1005 841 1047 necesse
877 987 935 1048 est.
981 981 1067 1046 Nam
1100 984 1134 1045 in
1166 983 1279 1046 codice
1305 983 1342 1047 P.

270 1115 343 1194 post
367 1113 515 1195 quartum
538 1132 664 1173 versum
688 1109 740 1172 hio
764 1108 883 1192 legitur

378 1322 431 1360 nos
455 1303 612 1377 colaphum
636 1301 796 1360 incutimus
820 1301 963 1358 lambenti
987 1301 1119 1359 crustula
1143 1317 1232 1358 servo

381 1483 460 1548 (lum
483 1484 620 1566 primurn
644 1482 729 1545 huno
752 1505 879 1546 versum
894 1483 1048 1561 videmus,
1065 1482 1345 1564 obstupescimus;

271 1610 342 1672 fieri
377 1631 440 1672 non
473 1611 588 1692 potest,
625 1610 661 1670 ut
694 1630 756 1670 non
784 1608 1055 1690 obstupescamus,
1103 1605 1231 1669 Positus
1257 1607 1347 1670 inter

271 1733 426 1798 Rauolam
466 1735 497 1796 et
537 1731 741 1814 Crepereium
776 1732 830 1795 illc
866 1753 975 1795 servus
1009 1731 1211 1794 mirationem
1249 1733 1346 1796 nobis

274 1859 362 1924 facit.
420 1840 614 1922 scholiastes
652 1857 769 1921 nodum
807 1857 987 1942 aenigmatis
1026 1857 1146 1920 solvere
1187 1860 1346 1930 conatum

275 1983 477 2060 sententiam,
516 1983 754 2065 qualiscumque
794 1984 851 2059 est,
891 1984 1058 2065 extorquet
1092 2003 1194 2063 neque
1230 1986 1348 2045 tamen

272 2109 364 2172 istius
389 2109 435 2170 rei
459 2107 554 2170 fidem
577 2108 669 2171 nohis
693 2107 781 2169 facit.
828 2105 974 2191 Pinzger,
999 2105 1218 2182 Achaintrius,
1236 2105 1347 2169 Hein-

271 2209 401 2308 richiuS‚
437 2235 472 2294 ut
506 2232 615 2314 paucis
651 2231 853 2314 complectar,
877 2251 984 2293 omnes
1012 2231 1080 2293 fere
1103 2234 1227 2293 veteres
1255 2252 1347 2294 com·

272 2359 464 2419 mentatores
497 2378 622 2419 versum
647 2355 791 2438 spurium
814 2355 1044 2432 iudicaverunt,
1068 2377 1085 2416 e
1109 2353 1346 2419 recentioribus

272 2463 349 2544 satis
386 2482 447 2544 erit
480 2481 694 2546 Ribbeohium
730 2481 884 2556 attulisse,
909 2481 964 2563 qui
988 2480 1116 2564 optimis
1140 2482 1347 2564 argumentis

273 2607 468 2669 demonstrat
482 2600 509 2681 1)
533 2605 616 2670 hunc
639 2627 766 2669 versum
790 2627 852 2668 non
876 2629 894 2668 a
917 2602 1066 2668 Iuvenale
1091 2605 1147 2668 sed
1171 2605 1212 2667 ab
1235 2605 1345 2668 inter‘

274 2730 417 2813 polatore
453 2731 560 2814 aliquo
583 2731 737 2814 scriptum
761 2752 839 2794 esse.
887 2729 1063 2793 Consensus
1088 2729 1347 2793 doctissimorum

274 2854 453 2944 hominum¹
472 2856 540 2917 sine
577 2855 672 2918 dubio
707 2855 813 2940 gravis
850 2857 914 2930 est;
951 2855 1005 2937 qui
1029 2855 1055 2917 si
1080 2854 1214 2928 deesset,
1238 2854 1347 2930 nihilo

274 2981 377 3044 minus
414 3001 542 3043 versum
576 2979 692 3042 falsum
727 3001 794 3042 esse
830 3001 1010 3042 asseverare
1045 3000 1229 3063 pergerem:
1267 3002 1348 3042 nam

274 3102 419 3168 quenali
454 3126 610 3187 nusquam
633 3125 691 3166 usu
715 3104 813 3181 venit,
837 3108 872 3166 ut
895 3104 1039 3166 ordinem
1062 3103 1243 3167 institutum
1269 3125 1347 3167 sen-

274 3229 448 3292 tentiarum
472 3231 504 3292 et
527 3228 703 3312 imaginum
726 3233 793 3291 tam
816 3229 925 3312 inepto
948 3227 1040 3291 modo
1065 3229 1291 3309 interrumpat.

382 3352 515 3417 Silentio
550 3375 613 3418 non
648 3357 696 3416 est
730 3354 987 3436 praetereundum
1019 3353 1102 3435 quod
1135 3352 1276 3416 Kiaerius
1303 3355 1346 3416 ad

274 3501 336 3564 vv.¹
362 3480 492 3540 22—24
527 3479 657 3570 adnotat
672 3477 699 3559 2)
734 3500 805 3541 cum
828 3478 861 3541 id
884 3479 924 3540 ad
950 3500 1039 3540 usum
1062 3477 1221 3540 scribendi
1245 3473 1345 3542 luve-

276 3601 438 3665 nalianum
461 3603 685 3666 illustrandum
708 3624 902 3686 magnopere
926 3602 1041 3665 valeat.
1077 3600 1162 3666 Nam
1187 3623 1259 3664 cum
1287 3604 1345 3667 alii

276 3729 348 3810 post
379 3725 595 3810 Ganymedem
619 3748 740 3791 comma
764 3726 900 3805 deleant,
926 3725 981 3788 alii
1005 3726 1188 3805 adhibeant,
1212 3727 1250 3816 fit
1274 3729 1343 3792 for·

387 3938 406 4006 ¹)
426 3940 544 3992 Rrssnou
565 3939 583 3992 l.
603 3939 621 3991 l.
641 3957 667 4007 p.
688 3939 836 3990 124—125.

386 4025 406 4095 ⁹)
426 4029 455 4081 L.
476 4029 566 4081 Krnn:
595 4027 754 4082 Sermonem
772 4027 805 4080 D.
825 4026 899 4080 Iunii
917 4027 1058 4082 Iuvenalis
1071 4031 1123 4082 cet.
1138 4027 1257 4080 Hauniae
1273 4029 1342 4083 1875

276 4135 323 4187 pp.
343 4117 455 4171 30-32.
