2916 4834
646 1384 798 1495 Satira
835 1384 867 1496 Ι.

331 1615 370 1681 ln
403 1617 507 1701 prima
541 1617 640 1682 satira
670 1614 829 1682 Iuvenalis
860 1639 970 1681 causas
995 1617 1144 1700 explicat,
1168 1638 1225 1680 cur
1247 1616 1288 1682 ad

226 1744 340 1808 satiras
363 1743 546 1808 scribendas
571 1763 742 1827 aggressus
765 1743 816 1806 sit.
855 1739 906 1805 Ita
920 1742 1076 1826 plerique,
1093 1743 1287 1806 sednonsa-

225 1869 268 1932 tis
291 1869 396 1932 omnia
419 1867 675 1951 complectentes,

332 1991 418 2058 Nam
439 1995 534 2075 poeta
557 2014 619 2076 quo
641 1992 745 2055 studio
769 1991 881 2055 ductus
904 1994 953 2055 est
968 1991 1164 2056 occasionem
1179 1993 1287 2056 datam

226 2141 290 2183 non
313 2118 480 2182 amittendi
501 2118 536 2181 in
557 2116 618 2180 hac
642 2138 765 2200 quoque
789 2117 897 2196 satira,
921 2117 977 2181 ubi
992 2117 1071 2182 vitia
1086 2117 1176 2181 varia
1192 2139 1286 2182 eursu

226 2243 339 2327 rapido
369 2242 568 2327 perstringit,
600 2242 640 2306 ad
662 2263 761 2305 unum
784 2242 959 2306 alterumve
983 2242 1100 2306 diutius
1123 2264 1288 2306 remanere

226 2390 289 2432 non
318 2367 473 2452 neglegit.
519 2365 621 2442 Quid?
656 2366 683 2429 si
713 2371 860 2450 quartam
886 2366 954 2431 fere
976 2371 1102 2450 partem
1124 2367 1230 2431 satirae
1254 2367 1288 2430 in

228 2493 411 2558 condicione
442 2491 557 2554 misera
580 2491 745 2555 clientium
768 2491 970 2576 depingenda
993 2492 1159 2571 consumit,
1184 2513 1288 2556 nonne

227 2618 296 2682 iure
320 2616 489 2680 statuimus
512 2614 565 2679 hie
587 2614 681 2698 plura
702 2615 803 2678 latere
827 2638 923 2699 quam
945 2638 1016 2699 quae
1040 2615 1136 2701 vulgo
1160 2617 1200 2680 ab
1222 2615 1289 2680 edi-

228 2741 351 2807 toribus
386 2742 554 2805 observata
588 2739 670 2803 sint?
717 2738 833 2816 Quodsi
869 2740 1022 2823 copiosius
1054 2741 1092 2805 de
1121 2741 1289 2805 clientibus

229 2866 381 2930 disseruit
413 2863 572 2930 Iuvenalis
595 2887 659 2929 non
682 2864 753 2930 ideo
777 2866 1029 2929 contendendum
1052 2869 1110 2945 est,
1132 2865 1215 2929 hanc
1239 2887 1290 2929 sa-

229 2993 328 3056 tiram
351 2991 392 3055 ob
416 3012 487 3054 eam
512 3011 640 3054 eausam
663 2990 815 3073 scriptam
839 3011 917 3069 esse,
941 2993 977 3053 ut
999 2990 1078 3055 vitia
1101 2990 1234 3054 divitum
1256 2990 1291 3052 in

228 3137 385 3200 pauperes
408 3114 550 3179 homines
574 3115 816 3200 castigarentur.

335 3238 534 3322 Quamquam
549 3239 634 3303 enim
649 3239 755 3303 satirae
773 3236 932 3302 Iuvenalis
947 3238 994 3302 ita
1010 3239 1191 3321 compositae
1205 3240 1289 3317 sunt,

229 3369 265 3429 ut
287 3365 321 3428 in
344 3363 479 3448 singulis
502 3364 628 3448 singula
650 3363 729 3428 vitia
750 3365 996 3447 pertractentur,
1020 3363 1134 3446 negari
1154 3385 1219 3427 non
1233 3363 1290 3446 po'·

229 3493 302 3569 test,
337 3489 415 3573 quin
448 3488 482 3552 in
514 3487 575 3551 hac
603 3487 707 3571 prima
735 3487 806 3552 haec
834 3491 983 3552 accurata
1007 3487 1171 3570 dispositio
1195 3487 1290 3570 plane

230 3614 346 3680 omissa
369 3614 419 3677 sit.
467 3612 562 3677 (luins
586 3613 633 3677 rei
656 3634 752 3677 causa
774 3612 946 3676 manifesta
970 3615 1028 3692 est,
1051 3634 1126 3676 nam
1150 3633 1222 3676 cum
1245 3610 1291 3674 ibi

229 3742 324 3821 poeta
347 3739 385 3802 de
408 3738 448 3801 iis
471 3737 574 3801 causis
596 3737 754 3821 loquatur,
779 3739 893 3822 quibus
918 3738 1028 3830 ductus
1053 3737 1094 3800 ad
1113 3735 1173 3801 hoc
1189 3756 1291 3820 genus

180 3915 184 3924 ,
231 3863 390 3927 scribendi
413 3883 481 3926 sese
506 3863 690 3960 accinxerit,
714 3863 892 3926 necessario
914 3861 961 3941 fit,
985 3865 1021 3925 ut
1036 3861 1125 3924 varia
1139 3860 1292 3924 vitianon

231 4009 329 4051 unum
363 3991 485 4052 eertum
519 3987 653 4052 adferat.
699 3985 762 4052 Sed
795 3991 1049 4070 quantacumque
1085 4007 1122 4048 ea
1144 3985 1293 4048 vitiorum

231 4112 369 4176 varietas
393 4115 450 4192 est,
474 4114 630 4195 quotquot
652 4133 703 4174 res
726 4112 905 4190 occurrunt,
928 4111 1023 4175 facile
1040 4110 1183 4174 videmus
1199 4108 1292 4193 quid-
