2916 4834
710 169 719 208 l

558 441 732 504 ..71-

217 607 344 682 Mirum
371 621 420 682 esi
449 619 532 701 quod
562 618 674 683 scribil
696 615 903 681 Heinrichius
927 617 961 698 (l.
986 618 1006 682 l.
1031 641 1062 701 p.
1088 617 1177 699 226),

107 744 401 828 interpungendum
425 767 493 808 esse
516 748 590 826 post
613 743 753 820 Fidens,
778 747 813 807 ul
836 742 905 806 haeo
929 743 1024 826 lectio
1048 743 1119 808 fiat:

420 929 504 986 vivat
528 926 639 998 Gabiis
664 929 699 986 ul
722 927 796 986 vixit
819 927 850 986 in
874 946 961 1003 agr03

217 1035 301 1094 vivat
324 1035 452 1094 Fidenis
499 1035 540 1093 El
564 1036 669 1111 agello,
696 1035 777 1105 cedo,
802 1047 943 1110 paterno:

107 1223 209 1289 Vivat
232 1223 342 1289 Gabiis
366 1226 387 1289 l.
412 1225 551 1304 Fidenis,
576 1225 689 1308 inquit,
714 1227 749 1288 ul
772 1224 852 1288 vixit
875 1225 909 1287 in
934 1246 1025 1310 agro:
1056 1225 1089 1290 id
1113 1247 1177 1290 non

106 1350 237 1432 poterit.
283 1347 444 1414 Nimirum
478 1350 512 1412 in
546 1347 601 1414 illo
631 1350 726 1432 plano
756 1349 861 1434 agello
884 1352 1017 1432 palemo
1040 1372 1174 1433 peceare

106 1497 172 1538 non
202 1476 315 1557 potuit,
340 1476 396 1539 sed
419 1475 489 1557 quis
514 1474 662 1538 adfirmat
684 1473 730 1536 nil
754 1476 860 1537 ocium
883 1473 915 1536 in
938 1475 1098 1539 montibus
1123 1479 1178 1539 aui

108 1599 289 1682 speluncis?
336 1597 452 1663 Severe
475 1599 534 1663 hoc
559 1599 635 1662 dicii
659 1599 864 1662 Heinriohius
889 1621 930 1662 an
945 1599 1089 1663 iocatur?
1126 1597 1178 1663 An

105 1723 262 1788 credibile
288 1728 344 1802 esd,
369 1721 552 1788 Iuvenalem
575 1727 643 1786 lam
665 1723 735 1787 leve
759 1723 912 1787 iudicium
936 1723 1071 1786 fecisse?

217 1845 294 1912 Inde
330 1872 348 1912 a
382 1873 412 1913 v.
443 1849 484 1912 60
507 1849 657 1912 mulieres
680 1847 832 1912 Romanae
857 1848 890 1911 in
914 1847 1016 1912 aciein
1039 1849 1177 1931 primam

107 1973 277 2056 prodeunt.
323 1973 467 2038 Priorem
499 1977 560 2037 sat.
584 1971 650 2039 .VI.
678 1976 804 2056 partem
828 1977 999 2058 cognatam
1023 1995 1091 2037 esse
1116 1976 1175 2039 sal.

107 2094 201 2160 XIII.
235 2119 331 2180 supra
361 2098 566 2163 ostendimus
613 2097 740 2163 Addere
763 2120 930 2181 possumus
954 2103 1027 2164 sall
1052 2121 1176 2182 quoque

107 2220 170 2286 III.
208 2226 240 2286 et
272 2220 348 2287 VII.
384 2245 456 2286 cum
485 2221 605 2288 VLI
574 2223 695 2306 aliquid
725 2245 890 2288 commune
914 2223 1044 2288 habere.
1090 2222 1177 2288 Nam

105 2352 180 2431 posi
166 2347 384 2426 iexordium
416 2348 471 2413 ubi
494 2346 678 2412 Umbricius
702 2349 740 2412 de
763 2349 882 2412 misera
893 2348 1076 2446 aequalium
1100 2370 1176 2413 oon-

106 2473 233 2537 dioione
257 2473 403 2537 universe
427 2473 575 2555 loquitur,
601 2477 695 2558 poeta
719 2471 791 2556 (III.
818 2473 873 2555 58)
896 2473 1012 2537 transii
1029 2474 1069 2537 ad
1085 2473 1174 2538 varia

106 2598 311 2662 incommoda
335 2586 526 2661 nominanda
643 2673 646 2690 ι

323 2817 390 2874 quae
414 2818 493 2858 nuno
517 2799 660 2857 divitibus
682 2819 754 2875 gens
779 2802 834 2858 cel.

105 2986 161 3051 Sic
185 2987 218 3050 in
241 2985 299 3052 VI.
323 2991 396 3071 post
420 2989 631 3072 querimonias
654 2989 726 3052 illas
750 2990 788 3052 de
812 2990 970 3072 pravitate
992 3011 1085 3053 sexus
1101 3011 1171 3053 mu·
1263 3036 1265 3042 r

104 3112 219 3176 liebris
243 3134 280 3175 ac
303 3113 465 3198 dialogum
489 3134 561 3176 oum
584 3112 734 3177 Postumo
759 3114 886 3200 singula
908 3115 987 3179 vitia
1010 3115 1086 3200 inde
1108 3137 1172 3178 av.

107 3237 151 3300 60
187 3240 375 3300 tractamur.
422 3235 530 3320 Atque
561 3240 596 3300 ut
626 3237 660 3300 in
683 3239 742 3302 sad.
767 3235 827 3304 Ill.
851 3239 960 3304 slahim
982 3243 1054 3321 posi
1077 3261 1107 3304 v.
1132 3240 1173 3304 58

105 3360 236 3424 ridiculi
260 3360 381 3444 aliquid
404 3361 581 3426 invenimus

234 3549 368 3622 ¹rusticus
391 3563 440 3620 ille
463 3567 534 3622 Inus
557 3564 649 3622 sumit
671 3564 871 3640 trechedipna
897 3564 1028 3636 Quirine,

239 3672 269 3726 el
293 3669 469 3728 ceromatico
492 3671 551 3728 feri
574 3670 715 3728 niceteria
739 3671 824 3741 collO,

106 3858 154 3922 sic
177 3858 211 3921 in
233 3855 292 3922 VI.
316 3861 388 3941 posi
410 3882 440 3923 v.
467 3860 507 3923 60
531 3858 708 3944 Thymelen
730 3860 882 3924 rusticam
905 3861 939 3924 in
961 3861 1087 3926 theairo
1111 3883 1174 3926 non

107 3981 177 4046 sine
201 3983 268 4046 risu
291 3983 444 4048 videmus
