2854 4828
544 451 717 514 ..49-

94 631 308 710 Lachmanni,
343 653 415 714 quae
450 635 498 694 est
533 652 609 694 cave
644 630 698 709 ais,
723 632 793 695 orta
816 635 864 695 est
888 654 904 694 c
927 633 1024 715 verbo
1048 633 1161 711 causis,

95 757 182 840 quod
207 757 304 820 ctiam
326 757 360 820 in
384 756 452 821 cod.
475 755 511 819 P.
536 756 706 820 invenitur.
745 755 827 841 Tum
843 750 1046 822 scribendum
1062 763 1165 824 essct:

189 933 350 992 vivendum
372 935 452 991 recte
477 935 521 992 est
544 951 610 992 cum
635 935 758 1008 propter
780 933 918 1007 plurima,
943 925 1075 993 tumbis

188 1040 338 1116 praecipue
363 1040 468 1110 caucia,
492 1043 528 1098 ut
551 1041 670 1116 linguas
694 1040 909 1116 mancipiorum
933 1044 990 1100 cet.

96 1203 147 1268 Re
184 1226 260 1268 vera
297 1202 518 1266 Heinrichium
542 1203 587 1266 ita
611 1203 757 1280 scribere¹
773 1203 934 1279 videmus3
958 1203 1065 1268 hiatus
1088 1227 1164 1270 vero

96 1330 132 1392 in
157 1329 270 1392 ultimo
294 1297 428 1412 pede'v.
454 1329 517 1392 118
542 1329 596 1392 vix
620 1329 697 1392 ferri
721 1331 836 1411 potest.
875 1327 960 1392 Nam
984 1331 1052 1394 iure
1077 1296 1164 1414 quae-

97 1454 211 1531 mmm,
246 1475 308 1537 quo
342 1455 435 1517 modo
469 1455 634 1536 productio
669 1455 814 1518 vocabuli
844 1458 913 1518 tum
936 1454 969 1517 in
991 1454 1051 1520 hoc
1074 1455 1166 1519 hiatu

96 1580 202 1662 possit
226 1579 388 1671 explicari.
435 1575 471 1641 ld
496 1579 597 1643 nescit
624 1579 837 1658 Heinrichiua
859 1580 917 1647 aed
940 1576 1040 1643 nihilo
1060 1579 1165 1644 minus

97 1704 185 1768 hanc
220 1704 390 1768 lectionem
424 1705 551 1768 retinet.
598 1702 638 1769 V.
677 1705 739 1769 123
774 1707 939 1788 suspectus
963 1709 1012 1768 est
1034 1707 1167 1788 propter

99 1830 181 1893 illud
222 1829 343 1892 animas
382 1829 467 1892 farre
507 1831 539 1892 et
577 1851 640 1893 aere
680 1831 848 1894 custodire.
905 1829 1044 1914 Pinzger
1061 1828 1085 1911 ¹)
1120 1830 1166 1894 sic

100 1954 233 2018 scribit:

192 2119 352 2188 vivendum
375 2135 454 2188 recte
477 2132 542 2187 tum
566 2133 689 2204 propter
711 2129 850 2204 plurima,
874 2132 940 2187 tum
964 2128 1008 2186 his

192 2237 341 2312 praecipue
365 2237 470 2302 canusia,
495 2242 531 2294 ut
553 2237 670 2312 linguas
693 2235 909 2312 mancipiorum

194 2349 380 2403 contemnas:
405 2365 474 2402 nam
497 2344 600 2420 lingua
624 2343 695 2402 mali
718 2361 787 2418 pars
810 2341 937 2418 pessima
961 2343 1048 2401 servi.

101 2508 149 2572 At
184 2531 255 2592 quae
290 2513 364 2599 sunt
398 2507 448 2572 hae
484 2510 610 2572 causae?
645 2505 718 2572 Una
753 2509 878 2570 tantum
902 2505 1099 2569 nominatur:
1133 2509 1169 2569 ut

101 2635 231 2719 linguas
275 2635 503 2717 mancipiorum
543 2635 735 2698 contemnas,
798 2629 934 2695 Omnino
972 2630 1076 2694 locum
1114 2621 1169 2694 viri

103 2759 281 2822 sanandum
304 2762 390 2842 puto,
415 2759 477 2822 nisi
500 2758 634 2840 remotio¹
653 2780 703 2822 vv.
730 2757 916 2820 120-123.
959 2753 1068 2820 Causae
1093 2777 1169 2840 gra-

103 2884 208 2948 viores
244 2885 408 2960 accedunt,
444 2884 471 2946 ai
506 2884 652 2958 internam
680 2903 751 2965 quae
777 2881 934 2959 dicuntur,
958 2883 1041 2944 notae
1066 2880 1169 2944 consi·

104 3009 266 3071 derantur.

212 3133 298 3199 Nam
332 3136 358 3198 si
394 3155 501 3198 omnes
535 3156 586 3198 vv.
618 3133 792 3196 118-123
818 3154 836 3194 a
859 3127 1010 3194 Iuvenale
1035 3128 1170 3212 scriptos

103 3265 264 3344 putamua
288 3281 350 3322 non
373 3261 454 3323 bene
479 3259 635 3343 congruit,
660 3260 814 3340 quantum
838 3277 899 3340 ego
922 3255 1024 3330 video,
1044 3275 1081 3316 ea
1097 3275 1170 3318 sen·

103 3387 217 3462 tentia,
254 3362 324 3470 cuae
359 3389 406 3448 est
429 3391 478 3448 iv.
506 3384 943 3462 120-121,cumeaquae
969 3380 1017 3441 est
1042 3399 1068 3442 v.
1095 3378 1168 3442 119.

104 3511 206 3576 Recte
241 3511 411 3575 vivendum
447 3512 496 3573 est
530 3530 601 3572 cum
628 3510 760 3592 propter
783 3504 930 3588 plurima,
955 3507 1023 3567 tum
1047 3503 1099 3566 vel
1121 3495 1171 3566 id-

61 3639 63 3644 ’
105 3639 202 3716 circo,
225 3641 262 3701 ut
283 3637 428 3721 linguam
452 3634 536 3698 servi
560 3636 761 3698 contemnere
785 3629 896 3713 poesia.
938 3627 1075 3692 Proinde
1099 3626 1170 3690 vive

104 3767 194 3828 recte
219 3766 251 3826 et
274 3766 439 3826 contemne
463 3758 547 3824 servi
569 3758 723 3842 linguam.
761 3754 873 3840 Pergit
895 3751 1063 3818 Neevolus:
1088 3773 1172 3833 prae-

105 3892 200 3974 cipue
235 3909 323 3965 cave,
358 3889 394 3948 ut
428 3885 572 3969 linguam
597 3881 682 3946 servi
707 3884 904 3945 contemnas.
950 3875 988 3940 Id
1010 3897 1086 3941 vero
1110 3875 1172 3938 viri

104 4038 321 4051 -ι-ι--ι--ι

219 4118 238 4187 ¹)
259 4120 376 4174 Pannona
395 4119 413 4172 l.
433 4119 452 4172 l.
471 4137 498 4188 p.
519 4116 562 4170 11.
