2854 4828
534 428 731 492 -101-

74 607 224 684 .dcbeat,
261 627 314 668 cas
349 605 401 669 hic
435 627 561 690 quoque
597 605 760 670 adhiberi:
796 607 852 670 sed
882 628 1032 670 numerus
1056 628 1165 670 earum

102 690 106 707 t
871 695 881 719 Ι

97 731 301 794 mirationem
315 731 415 802 ,nobis
439 731 527 795 facit.

205 853 319 938 Neque
354 857 463 919 tamen
496 855 579 919 haec'
601 878 696 920 causa
725 857 797 935 fuit,
829 879 885 948 cur
909 855 1031 976 aliquot
1053 878 1165 920 versus

98 981 163 1044 iam
196 981 232 1044 in
264 981 423 1064 principio
458 982 564 1046 satirae
600 981 809 1060 reicerentur;
847 981 925 1046 aliae'
949 986 980 1046 et
1004 982 1166 1067 graviores

100 1107 237 1171 editores
260 1106 467 1189 impulerunt,
490 1109 526 1169 ut
549 1107 609 1171 hoc
632 1108 701 1171 loco
725 1109 953 1172 correctionem
975 1108 1131 1172 facerent.

206 1229 291 1295 Nam
327 1254 366 1296 ex
396 1232 435 1296 iis
465 1233 620 1310 versibus
645 1233 700 1316 qui
723 1234 758 1296 in
781 1233 872 1296 initio
895 1233 994 1316 positi
1017 1235 1100 1313 sunt,
1125 1234 1166 1297 ab

100 1358 274 1422 editoribus
288 1355 332 1421 ni
355 1358 453 1442 vulgo
476 1357 648 1422 toHuntur:

207 1524 271 1598 quis
295 1524 411 1583 fructus
435 1523 550 1600 generis
573 1524 678 1582 tabula
701 1524 812 1582 iactare
836 1525 937 1600 capaci

207 1631 376 1701 Corvinum,
401 1631 525 1706 posthac
550 1631 646 1688 multa
670 1631 842 1707 contingere
865 1632 953 1708 virga

205 1739 336 1796 fumosos
361 1737 497 1812 equitum
520 1756 588 1796 cum
612 1737 758 1796 dictatore
781 1737 950 1814 magistros

98 1910 296 1975 Ribbeckius
327 1909 467 1972 severius
492 1909 570 1994 agit,
616 1907 690 1973 Non
713 1912 807 1974 modo
830 1910 887 1974 hos
911 1932 1031 1989 versus
1056 1933 1168 1975 verum

100 2037 197 2100 etiam
222 2036 297 2098 duos
321 2035 402 2112 illoc,
427 2035 482 2118 qui
506 2037 713 2101 antecedunt:

206 2204 236 2259 et
259 2201 363 2260 Ourios
386 2201 445 2258 iam
469 2200 604 2260 dimidios
626 2221 804 2276 umerosque
827 2203 972 2261 minorem

206 2306 368 2366 Corvinum
391 2311 421 2366 et
445 2307 571 2366 Galbam
594 2308 734 2367 auriculis
758 2328 888 2384 nasoque
913 2312 1063 2367 carentem

101 2481 183 2545 falso
205 2482 240 2544 in
264 2483 448 2544 contextum
471 2480 638 2563 irrepsisse
663 2479 811 2544 adfirmat
834 2479 869 2561 (l.
892 2481 914 2544 l.
938 2504 970 2564 p.
989 2481 1054 2563 95).
1093 2478 1168 2545 Non
1252 2468 1255 2482 ’

97 2607 230 2671 dubium
265 2609 322 2686 est,
354 2605 431 2688 quin
454 2628 562 2670 omnes
586 2605 620 2670 hi
643 2628 754 2670 versus
777 2606 872 2669 facile
897 2607 1001 2670 omitti
1025 2607 1163 2689 possint3

96 2733 256 2796 sententia
287 2753 406 2810 eorum,
438 2731 493 2814 qui
516 2735 648 2808 restant,
672 2754 731 2815 per
754 2753 787 2795 se
812 2731 888 2794 satis
912 2732 1081 2814 perspicua
1105 2733 1163 2794 est.

96 2855 215 2931 Quodsi
249 2877 357 2920 omnes
388 2856 417 2943 ii¹
439 2879 559 2935 versus
584 2857 641 2940 qui
664 2856 751 2920 salvo
774 2878 869 2920 sensu
893 2857 1002 2920 abesse
1027 2860 1165 2938 possent,

95 3004 135 3044 ex
159 2981 266 3044 satiris
290 2978 450 3044 luvenalis
474 2984 732 3066 segregarentur,
764 3004 828 3044 non
851 2985 934 3044 esset
958 2981 1085 3044 difficile
1111 3003 1164 3043 cas

95 3107 213 3170 acriter
246 3106 414 3169 admodum
438 3106 674 3170 circumcidere.
722 3105 861 3170 Lubrica
885 3129 934 3168 res
959 3110 1017 3185 est,
1042 3107 1069 3168 si
1093 3128 1162 3169 car-

92 3255 169 3296 men
190 3231 282 3296 nobis
306 3235 513 3314 proponatur,
537 3235 572 3295 ut
588 3231 680 3314 quale
697 3231 739 3294 sit
754 3229 940 3310 iudicemuS,
959 3209 1168 3311 constituere,

93 3358 170 3442 quid
194 3357 227 3419 in
251 3378 287 3419 eo
311 3357 522 3436 retinendum,
539 3356 616 3439 quid
632 3354 864 3420 excludendum
876 3355 927 3419 sit.
964 3355 1178 3428 Ribbeckius,

93 3504 167 3546 cum
206 3482 245 3544 ad
284 3478 445 3544 Iuvenalis
484 3481 596 3544 satiras
628 3480 814 3544 iudicandas
846 3481 1035 3564 aggreditur
1070 3503 1166 3543 num-

92 3628 190 3690 quam
224 3607 258 3669 in
293 3606 354 3669 hac
389 3627 423 3668 re
457 3606 590 3685 dubitat,
615 3627 808 3688 quamquam
833 3605 1068 3690 argumentatio
1095 3606 1164 3669 eius

91 3753 157 3796 non
181 3753 306 3814 semper
329 3730 506 3813 probabilis
531 3733 587 3794 est.

141 3931 144 3941 Κ
199 3854 307 3919 Variae
333 3877 436 3920 causae
462 3877 534 3919 cum
556 3854 752 3938 impulerunt
776 3856 816 3920 ad
839 3878 889 3919 vv.
914 3855 1001 3918 4-5
1024 3855 1160 3918 reicien-

90 3983 157 4046 dos.
205 3979 348 4044 Primum
382 3984 480 4066 negat
515 4002 706 4063 quemquam
740 3979 775 4042 in
810 3981 889 4044 atrio
925 3979 1083 4063 imagines
1115 3981 1171 4044 tot

87 4107 247 4172 maiorum
282 4105 439 4170 clarorum
471 4105 635 4170 ostendere
658 4105 810 4189 potuisse,
858 4103 919 4169 Sed
943 4105 1026 4168 unde
1052 4105 1148 4168 coicit

1158 4261 1165 4291 Ὶ
