2930 4836
725 431 921 493 —104-

292 610 347 693 qui
371 606 531 673 Iuvenalis
556 608 697 672 carmina
721 608 906 692 diligentius
930 609 1115 694 perlegerit.
1164 609 1258 672 Haud
1280 633 1339 676 raro

292 734 376 798 eninr
410 733 497 796 nullo
531 733 668 795 transitu
698 736 820 816 parate,
844 733 940 796 nullis
965 733 1239 800 coniunctionibus
1263 733 1342 796 adhi-

291 859 367 922 bitis
400 860 508 940 partes
533 861 762 940 componuntur
786 880 823 922 ac
848 881 886 920 ne
910 858 1044 921 internis
1067 858 1196 941 quidem
1219 859 1344 922 vinculis

295 987 511 1060 conectuntur,
536 984 582 1046 ita
605 988 640 1046 ut
662 983 763 1047 oratio
786 983 880 1066 plene
905 985 1040 1066 abrupta
1056 983 1220 1076 ¹efficiatur
1237 985 1272 1060 ¹).

399 1107 487 1182 Quod
521 1111 556 1171 ut
591 1108 745 1190 exemplis
779 1108 928 1179 illustret,
960 1109 1037 1171 duas
1060 1109 1185 1186 satiras,
1210 1109 1344 1191 quintam

295 1236 327 1295 et
361 1233 518 1296 decimam
554 1233 655 1316 eligit,
691 1255 765 1294 nam
800 1254 839 1295 ex
862 1233 901 1294 iis
925 1233 1062 1296 maxime
1087 1255 1243 1316 apparere
1267 1235 1346 1312 dicit,

293 1361 420 1440 poetam
445 1361 477 1420 et
500 1358 533 1420 in
557 1357 717 1440 prioribus
742 1360 773 1419 et
797 1357 830 1420 in
854 1358 1082 1440 posterioribus
1099 1358 1205 1421 satiris
1224 1381 1349 1422 accura-

221 1518 225 1526 ·
291 1486 362 1545 tam
387 1483 574 1566 disponendi
598 1482 754 1544 rationem
778 1482 1078 1594 planeneglegere.
1125 1482 1252 1546 Vellem
1276 1483 1350 1546 alius

293 1607 458 1692 elegisset:
495 1609 527 1670 in
562 1607 668 1670 satiris
705 1607 788 1670 eninr
812 1607 924 1690 quinta
947 1613 979 1670 et
1003 1608 1124 1670 decima
1147 1630 1215 1690 prae
1240 1607 1350 1671 ceteris

293 1738 441 1796 accurata
459 1733 640 1818 argumenti
659 1733 846 1817 disponendi
863 1733 944 1795 ratio
961 1732 1106 1796 adhiberi
1122 1732 1201 1795 mihi
1218 1733 1351 1796 videtur.

263 1835 273 1852 ,
292 1837 419 1922 Vellem
442 1857 502 1920 viri
527 1859 610 1921 docti
634 1858 720 1920 illam
745 1858 984 1942 neglegentiam
1000 1860 1113 1940 poetae,
1130 1879 1226 1940 quarn
1243 1858 1352 1940 appel-

295 1983 372 2058 lant,
397 1984 533 2066 ¹aequiore
558 1983 662 2046 studio
686 1984 922 2068 impugnarent.

399 2105 614 2170 Transitiones
639 2108 722 2190 apud
745 2105 939 2198 Iuvenalem,
963 2107 1058 2170 nullis
1079 2107 1352 2170 coniunctionibus

293 2231 454 2310 adhibitis,
479 2255 564 2315 saepe
588 2233 668 2310 fieri,
692 2255 754 2296 non
770 2255 868 2317 neg03
890 2253 992 2315 neque
1008 2237 1115 2294 tamen
1131 2231 1202 2294 ideo
1219 2232 1353 2294 obscura

293 2359 396 2420 oratio
427 2361 483 2420 est.
532 2356 680 2441 Singulas
704 2379 778 2420 vero
801 2360 909 2439 partes
934 2357 1103 2419 satirarum
1125 2378 1188 2420 non
1211 2378 1284 2419 raro
1307 2356 1353 2418 ita

294 2482 448 2564 componi,
487 2484 523 2544 ut
560 2503 599 2544 ne
635 2482 768 2544 internis
803 2482 931 2563 quidem
966 2480 1100 2544 vinculis
1136 2483 1354 2557 conectuntur,

292 2628 387 2690 nego.
434 2605 659 2684 TransitioneS,
684 2606 779 2668 nullis
804 2605 1077 2669 coniunctionibus
1102 2605 1263 2681 adhibitis,
1281 2627 1353 2668 cuni

291 2730 324 2792 in
361 2731 430 2793 aliis
463 2734 531 2794 tum
565 2731 598 2793 in
633 2732 731 2794 satira
755 2731 876 2794 decima
900 2731 1113 2794 inveniuntur.
1160 2730 1242 2793 Eam
1266 2722 1355 2814 ergO,

292 2853 423 2919 Weiseo
459 2855 655 2932 adhortante,
688 2856 904 2938 inspiciamus.
951 2852 1110 2918 luvenalis
1133 2855 1189 2932 ibi,
1214 2858 1249 2917 ut
1272 2855 1356 2918 vidi-

293 3003 372 3056 11111,
398 3001 547 3063 perversa
570 2979 734 3043 hominum
757 2983 830 3043 vota
854 2979 1023 3063 improbat.
1063 2979 1279 3043 Transitiones
1302 2977 1356 3043 his

292 3106 429 3168 maxime
453 3105 530 3168 rous
554 3084 701 3167 nicanuae
726 3108 812 3168 sunu:
837 3127 887 3168 vv.
913 3105 964 3182 uc,
992 3106 1064 3181 111,
1091 3106 1164 3179 133,
1184 3102 1259 3182 ros,
1279 3105 1355 3170 289.

293 3229 412 3293 Suntne
448 3229 610 3293 molestae?
650 3227 723 3296 Sine
749 3229 853 3307 dubin,
878 3229 970 3292 multi
994 3229 1078 3292 enirn
1102 3251 1156 3292 eas
1180 3228 1358 3310 reprehen-

294 3357 380 3418 dunt.
440 3354 684 3420 Coniunctiones
723 3354 846 3417 omissae
886 3357 968 3418 sunt.
1026 3353 1114 3438 Ergo
1149 3354 1284 3416 obscura
1320 3355 1358 3416 fit

294 3481 418 3544 oratio?
453 3479 525 3544 Non
560 3479 722 3564 intellego,
758 3479 833 3562 quid
869 3479 930 3543 sibi
953 3478 1109 3562 velitilla
1132 3477 1357 3560 reprehensio:

294 3608 349 3669 aut
379 3626 439 3688 ego
466 3605 547 3667 nihil
570 3604 671 3673 video.
696 3607 751 3666 aut
774 3602 823 3666 hae
847 3603 924 3686 ipsae
949 3603 1151 3666 transitiones
1173 3623 1237 3665 non
1260 3604 1358 3666 modo

293 3752 355 3793 non
379 3729 597 3811 vituperandae
622 3732 695 3792 sunt
718 3729 773 3791 sed
790 3750 885 3810 quam
900 3727 1038 3790 maxime
1055 3725 1231 3790 laudandae.
1273 3725 1357 3802 Quid

294 3854 445 3937 apertius
481 3853 557 3936 quid
593 3840 783 3931 distinctius,
819 3852 895 3934 quid
931 3851 1065 3934 denique
1090 3873 1129 3914 ex
1153 3850 1239 3913 omni
1263 3855 1358 3933 parte

404 4119 422 4186 ¹)
442 4121 537 4173 Wnrsrr
556 4120 574 4172 l.
594 4119 612 4171 l.
631 4137 658 4188 p.
679 4119 720 4171 10.
