2930 4836
491 571 495 576 ,
574 511 610 522 -
640 452 680 538 ar
708 513 747 522 -

116 655 190 737 (vv.
217 655 280 718 144
304 653 387 738 sqq.)
426 652 559 736 Semper
581 657 689 717 tamen
713 655 752 716 ad
776 654 855 718 illud
878 655 1023 734 recurrit,
1048 655 1133 738 quod
1154 655 1190 720 in

117 783 195 842 tota
218 780 316 842 satira
340 779 529 841 nominatim
544 779 701 862 praecipit,
718 782 785 842 tam
802 779 982 843 communia
998 778 1066 842 haec
1083 779 1190 843 omnia

118 923 206 980 esse,
223 907 258 966 ut
275 903 519 966 admirationem
535 925 662 968 movere
679 925 742 966 non
759 903 896 967 debeant
912 901 975 984 (vv.
990 901 1188 984 leam-173).

233 1027 361 1092 Transit
385 1028 498 1091 deinde
523 1029 562 1090 ad
586 1049 704 1111 poenas
728 1028 770 1109 (v.
798 1027 903 1136 174).ι
931 1027 1032 1102 Quam
1055 1028 1132 1091 mite
1157 1031 1191 1090 et

118 1153 250 1236 placide
275 1153 313 1215 de
338 1153 496 1216 erroribus
520 1152 685 1217 hominum
707 1152 836 1230 iudicet,
861 1152 912 1216 vel
932 1174 972 1215 ex
991 1175 1028 1216 eo
1045 1157 1188 1236 apparet,

118 1277 220 1360 quod,
256 1277 311 1360 qui
345 1277 533 1361 interrogat,
568 1277 712 1339 nullasne
745 1279 784 1340 ab
808 1277 875 1340 eius
898 1277 984 1340 modi
1007 1277 1189 1342 hominibus
1254 1353 1256 1358 ,

118 1423 243 1484 poenas
279 1405 428 1484 expetere
464 1399 551 1479 velit,
588 1401 617 1464 ei
652 1401 832 1484 respondet,
869 1402 983 1464 minuti
1016 1405 1048 1464 et
1071 1402 1190 1466 infirmi

119 1525 224 1589 animi
247 1548 315 1589 esse
341 1530 487 1608 acceptas
503 1525 636 1588 iniurias
652 1525 763 1589 ulcisci
780 1547 815 1589 ac
832 1526 990 1609 persequi.
1029 1523 1188 1590 Iacturam

121 1651 209 1713 enim
227 1672 365 1728 manere,
390 1629 489 1712 etiam
512 1650 539 1712 si
555 1672 627 1712 reus
643 1650 859 1714 obtruncetur.
894 1648 1015 1712 Tamen
1030 1650 1085 1733 qui
1100 1650 1188 1713 frau-

119 1777 181 1840 des
206 1775 421 1838 commisen'nt
444 1797 507 1837 non
522 1774 639 1837 inultos
656 1775 788 1838 futuros
824 1773 886 1838 Vr,
906 1776 1189 1858 192—195p0eta

84 1887 89 1906 ⁸
122 1901 229 1984 igitur
262 1900 376 1963 transit
411 1900 451 1962 ad
476 1921 513 1962 ea
544 1901 721 1964 accuratius
746 1899 942 1983 explicanda,
967 1919 1099 1982 quorum
1124 1899 1188 1962 iam

117 2026 156 2088 in
193 2025 322 2088 exordio
351 2025 414 2106 (vv.
441 2024 540 2106 2-4)
564 2024 683 2088 mentio
709 2025 811 2088 brevis
835 2024 920 2087 facta
944 2027 1000 2087 est.
1048 2023 1092 2087 Et
1114 2045 1188 2107 pro·

119 2151 220 2226 fecto,
244 2149 272 2212 si
295 2146 440 2213 quenali
464 2150 631 2230 credimus,
655 2150 794 2213 omnium
816 2149 1004 2233 gravissima
1020 2171 1123 2232 poena
1139 2153 1188 2212 est

264 2328 349 2383 nocte
374 2325 479 2399 dieque
503 2345 590 2383 suum
614 2329 730 2400 gestare
755 2325 784 2382 in
808 2327 927 2400 pectore
951 2327 1058 2382 testem

230 2487 374 2552 Primum
410 2488 495 2551 enim
519 2489 667 2566 ostendit,
691 2488 742 2552 vel
765 2489 868 2570 ipsam
891 2488 1089 2552 voluntatem
1112 2509 1187 2571 pec·

117 2614 217 2679 candi
249 2613 400 2696 inculpa
424 2635 492 2675 esse
517 2612 580 2694 (vv.
607 2613 804 2696 raa-208).
852 2613 974 2677 Deinde
999 2616 1188 2696 perpetuam

115 2739 318 2803 anxietatem
348 2742 380 2800 et
404 2760 495 2802 curas
520 2737 662 2820 exponit,
687 2739 801 2820 quibus
826 2738 892 2801 dies
916 2729 1087 2821 noctesque
1112 2760 1186 2824 con-

114 2863 280 2941 ficiantur,
317 2863 371 2946 qui
407 2864 503 2926 fidem
537 2863 689 2927 laeserint.
736 2860 773 2925 In
808 2862 922 2926 ultima
949 2863 1047 2926 satira
1071 2863 1143 2926 iude
1168 2887 1188 2926 a

114 3014 150 3054 v.
190 2990 253 3052 236
289 2987 463 3073 flagitiosos
497 2988 640 3051 homines
672 2987 796 3050 nullum
829 2989 891 3052 sibi
914 2989 1010 3052 finem
1033 2988 1186 3071 peccandi

110 3134 240 3199 ponere
269 3113 450 3189 confirmat;
475 3113 634 3176 neminem
658 3134 720 3176 uno
743 3116 876 3195 peccato
900 3116 1082 3176 contentum
1107 3133 1184 3191 esse,

111 3241 168 3305 sic
204 3261 255 3302 eos
290 3238 323 3300 in
362 3260 516 3300 summam
552 3238 712 3302 miseriam
746 3239 876 3301 tandem
900 3240 1058 3316 venturoS,
1083 3258 1184 3320 neque

111 3364 207 3428 enim
231 3365 361 3427 surdum
385 3366 439 3426 aut
463 3385 583 3426 caecum
605 3385 798 3446 quemquam
823 3384 890 3426 esse
916 3363 1054 3426 deorum.

229 3487 445 3573 Mosengelius
469 3481 588 3567 habet,
602 3510 672 3571 quae
696 3489 729 3551 in
754 3488 935 3572 argumenti
959 3487 1064 3550 satirae
1081 3487 1184 3552 tertiae

112 3616 253 3678 ‹lecimae
271 3614 478 3696 dispositione
494 3613 717 3695 reprehendat.
754 3611 788 3678 Si
805 3614 899 3676 etiam
917 3635 1010 3692 nunc,
1027 3612 1131 3695 inquit
1150 3610 1184 3694 ¹),

112 3738 275 3803 rationem
312 3738 447 3820 duplicis
482 3737 676 3801 recensionis
711 3759 870 3820 sequerer,
895 3738 1001 3801 facere
1019 3759 1088 3824 'non
1111 3759 1184 3822 pos·

110 3885 199 3938 sem,
224 3863 300 3945 quin
325 3867 379 3926 aut
402 3885 511 3926 versus
536 3863 666 3927 38—70
689 3864 743 3926 aut
761 3862 912 3926 70--120
929 3866 1039 3944 postea
1056 3885 1074 3924 a
1090 3864 1185 3944 poeta

111 3991 255 4055 insertos
280 4010 346 4051 esse
371 3991 528 4071 putarem,
546 4009 617 4050 cum
634 3990 856 4071 argumentum
874 4009 983 4079 eorum
999 3991 1063 4048 tam
1080 3985 1183 4049 simile

110 4115 286 4126 ..m—...-

233 4165 252 4234 ¹)
273 4167 303 4220 G.
326 4165 484 4219 Moensonn:
512 4164 595 4217 Vinci.
616 4164 673 4216 Iur.
693 4181 739 4232 pp.
759 4163 873 4216 20-21.
949 4207 951 4212 .

226 4273 229 4280 ¹
1062 4271 1076 4324 7
