2854 4828
717 386 889 449 ..72--

271 564 442 647 magnifico
479 566 632 646 apparatu
669 566 832 645 comparat
855 563 937 645 quod
960 562 1028 644 ipse
1052 561 1151 627 babet
1174 560 1219 643 (v.
1243 563 1337 643 131).

273 687 509 771 Supellectilem
533 687 710 770 simplicem
733 709 802 750 esse
826 687 1003 764 confitetur,
1028 709 1135 751 servos
1159 709 1280 770 paucos
1304 692 1339 750 et

272 813 423 876 indoctos.
473 812 635 877 Laudandi
670 812 826 894 imprimis
862 813 922 874 duo
951 811 999 876 illi
1022 833 1131 876 versus
1156 815 1230 876 suut
1253 811 1335 893 (152

277 937 410 1020 453),
446 938 500 1020 qui
535 938 619 1002 inter
647 940 777 1013 ceteros,
802 937 946 1018 quamvis
969 938 1067 1001 bonos
1091 941 1123 1000 et
1145 936 1338 1014 laudabiles

272 1062 366 1146 longe
391 1063 541 1125 eminent.

380 1185 515 1250 Omnino
539 1189 633 1268 poeta
655 1187 686 1250 in
712 1186 772 1249 hac
796 1189 887 1268 parte
907 1187 1013 1250 satirae
1029 1187 1339 1271 interrogationibus

273 1313 550 1393 absti11et,ueque
575 1311 819 1374 exclamationes
844 1312 964 1374 crebrae
981 1316 1063 1374 sunt.
1099 1311 1158 1375 Vis
1174 1311 1341 1375 rhetorica

273 1459 335 1499 non
360 1439 449 1500 tanta
473 1439 521 1498 est
544 1436 577 1499 in
605 1436 702 1498 satira
726 1436 903 1511 undecima,
928 1457 967 1498 ue
991 1436 1171 1500 necessaria
1194 1438 1337 1518 quidem.

81 1562 83 1572 ’
164 1577 167 1592 ’
274 1559 347 1624 Non
370 1560 432 1637 hic,
456 1561 504 1623 ira
528 1564 560 1622 et
583 1560 654 1624 odio
678 1561 834 1638 incensus,
859 1560 1001 1624 facinora
1024 1582 1088 1624 suae
1110 1562 1215 1624 aetatis
1230 1561 1337 1626 homi·

273 1708 349 1750 num
371 1690 465 1768 poeta
490 1685 636 1769 castigat.
682 1684 802 1748 Tamen
825 1685 1034 1768 interrogatio
1058 1688 1105 1748 est
1128 1708 1158 1750 v.
1185 1687 1258 1765 162,
1286 1687 1343 1776 cui¹

273 1811 480 1893 respondetur
514 1810 646 1900 v317‘1'.
694 1808 861 1872 Simillima
885 1831 923 1872 ea
946 1810 1155 1894 interrogatio
1180 1815 1237 1887 est,
1264 1833 1337 1893 quae

273 1957 344 1998 cum
368 1955 519 2017 responso
543 1933 662 2018 legitur
685 1933 725 1997 V.
752 1933 936 1997 rao-157.

379 2058 449 2122 Hac
473 2059 563 2122 finita
587 2058 798 2140 descriptione
823 2061 918 2140 poeta
941 2080 971 2122 v.
998 2059 1059 2122 183
1084 2058 1168 2121 redit
1192 2060 1231 2122 ad
1252 2082 1337 2138 eam,

273 2205 369 2266 quarn
392 2183 424 2245 in
448 2182 539 2246 initio
563 2182 626 2263 (vv.
652 2184 693 2245 56
710 2181 792 2266 sqq.)
809 2171 981 2264 proposuit,
998 2183 1231 2247 invitationem.
1275 2184 1337 2248 Hic

273 2307 393 2371 reditus
429 2308 468 2370 ad
505 2308 711 2391 propositum,
736 2307 790 2389 qui
813 2310 953 2385 vocatur,
978 2307 1037 2370 hoo
1059 2307 1129 2402 loon¹
1152 2330 1210 2390 per
1234 2308 1337 2390 parti-

273 2433 360 2495 culas
384 2433 439 2494 sed
462 2453 545 2494 nunc
569 2432 743 2497 inducitur:
769 2431 990 2516 Bergmueller
1013 2432 1072 2496 hoc
1097 2398 1279 2514 exemplum
1303 2432 1337 2494 in

274 2561 379 2650 cetera
404 2555 543 2620 eiusdem
567 2557 676 2620 formae
694 2556 870 2632 rhetoricae.
888 2579 958 2639 quae
977 2560 1142 2620 enumerat
1157 2556 1191 2638 ¹),
1214 2557 1336 2620 referre

274 2681 391 2744 debuit.
438 2679 521 2744 Nam
555 2661 587 2744 i.
623 2682 685 2744 183
709 2682 809 2744 oratio
832 2681 882 2744 his
906 2681 1071 2764 particulis
1095 2704 1131 2745 eo
1156 2686 1335 2756 revocatur,

273 2807 355 2868 unde
392 2805 571 2869 declinavit.
617 2804 678 2869 Vr.
715 2807 887 2870 rsa—208
912 2806 1032 2868 nullam
1055 2805 1176 2870 habent
1200 2806 1338 2870 difficul-

273 2934 371 2993 tatem
407 2934 524 3012 praeter
558 2930 704 2993 lacunam
739 2930 838 3008 illam,
874 2952 943 3012 quae
980 2951 1047 2994 esse
1072 2931 1187 2993 dicitur
1210 2935 1284 3013 post
1306 2953 1334 2992 v.

190 3109 191 3112 ,
274 3057 347 3134 196,
371 3032 411 3120 ad
435 3079 529 3140 quam
553 3055 638 3118 infra
661 3056 844 3119 redibimus,

378 3180 431 3244 Ad
475 3203 526 3244 vv.
574 3181 615 3243 86
662 3202 731 3262 sqq.
801 3179 938 3244 Kiaerius
984 3178 1167 3260 adnotatu,
1213 3201 1335 3254 versus

274 3304 328 3386 qui
351 3309 439 3369 sunt:

295 3478 345 3535 90.
382 3498 448 3536 cum
471 3483 632 3537 tremerent
656 3482 756 3536 autem
779 3477 886 3536 Fabios
911 3479 1078 3553 durumque
1103 3478 1246 3537 Catonem

380 3588 409 3642 et
433 3585 559 3643 Scauros
584 3589 613 3642 et
636 3585 787 3642 Fabricios
811 3585 957 3660 rigidique
981 3602 1098 3644 severos

380 3691 506 3750 censoris
530 3710 625 3749 mores
649 3692 738 3749 etiam
763 3693 875 3766 collega
899 3693 1017 3749 timeret

272 3863 484 3872 .———-——.-

383 3975 402 4044 ¹)
422 3977 602 4032 Bsuontcnan
621 3977 678 4052 1.,1.
698 3997 743 4047 pp.
762 3977 876 4031 44-45.

383 4063 402 4132 ⁹)
422 4067 537 4120 Κ111111.
557 4067 575 4119 l.
594 4083 640 4134 pp.
661 4067 695 4119 94
713 4085 773 4134 sqq.
