<?xml version="1.0" encoding="UTF-8"?>
<!DOCTYPE html PUBLIC "-//W3C//DTD XHTML 1.0 Transitional//EN"
    "http://www.w3.org/TR/xhtml1/DTD/xhtml1-transitional.dtd">
<html xmlns="http://www.w3.org/1999/xhtml" xml:lang="en" lang="en">
 <head>
  <title>
</title>
<meta http-equiv="Content-Type" content="text/html;charset=utf-8" />
  <meta name='ocr-system' content='tesseract 3.04.00' />
  <meta name='ocr-capabilities' content='ocr_page ocr_carea ocr_par ocr_line ocrx_word'/>
</head>
<body>
  <div class='ocr_page' id='page_1' title='image "./deargumentidisp00grylgoog_0207.png"; bbox 0 0 2930 4836; ppageno 0'>
   <div class='ocr_carea' id='block_1_1' title="bbox 714 379 944 479">
    <p class='ocr_par' dir='ltr' id='par_1_1' title="bbox 714 379 944 479">
     <span class='ocr_line' id='line_1_1' title="bbox 714 379 944 479; baseline -0.004 0"><span class='ocrx_word' id='word_1_1' title='bbox 714 379 944 479; x_wconf 68' lang='lat' dir='ltr'><strong>--sa--⁴</strong></span> 
     </span>
    </p>
   </div>
   <div class='ocr_carea' id='block_1_2' title="bbox 188 592 1336 1174">
    <p class='ocr_par' dir='ltr' id='par_1_2' title="bbox 188 592 1336 1174">
     <span class='ocr_line' id='line_1_2' title="bbox 268 592 1332 677; baseline 0 -21"><span class='ocrx_word' id='word_1_2' title='bbox 268 592 386 656; x_wconf 86' lang='lat' dir='ltr'><strong>richius</strong></span> <span class='ocrx_word' id='word_1_3' title='bbox 422 593 591 676; x_wconf 85' lang='lat' dir='ltr'><strong>distinguit</strong></span> <span class='ocrx_word' id='word_1_4' title='bbox 624 593 709 656; x_wconf 89' lang='lat' dir='ltr'><strong>inter</strong></span> <span class='ocrx_word' id='word_1_5' title='bbox 743 595 849 655; x_wconf 86' lang='lat' dir='ltr'><strong>cetera</strong></span> <span class='ocrx_word' id='word_1_6' title='bbox 884 595 916 654; x_wconf 87' lang='lat' dir='ltr'><strong>et</strong></span> <span class='ocrx_word' id='word_1_7' title='bbox 946 593 1151 677; x_wconf 82' lang='lat' dir='ltr'><strong>naufragium</strong></span> <span class='ocrx_word' id='word_1_8' title='bbox 1175 597 1208 656; x_wconf 89' lang='lat' dir='ltr'><strong>et</strong></span> <span class='ocrx_word' id='word_1_9' title='bbox 1230 615 1332 658; x_wconf 85' lang='lat' dir='ltr'><strong>unuin</strong></span> 
     </span>
     <span class='ocr_line' id='line_1_3' title="bbox 188 674 1335 802; baseline -0.001 -21"><span class='ocrx_word' id='word_1_10' title='bbox 188 703 191 716; x_wconf 59' lang='grc'><em>’</em></span> <span class='ocrx_word' id='word_1_11' title='bbox 268 714 360 782; x_wconf 87' lang='lat' dir='ltr'><strong>alteri</strong></span> <span class='ocrx_word' id='word_1_12' title='bbox 396 718 532 801; x_wconf 88' lang='lat' dir='ltr'><strong>quodam</strong></span> <span class='ocrx_word' id='word_1_13' title='bbox 555 718 648 780; x_wconf 90' lang='lat' dir='ltr'><strong>modo</strong></span> <span class='ocrx_word' id='word_1_14' title='bbox 671 674 814 801; x_wconf 74' lang='lat' dir='ltr'><strong>opponit,</strong></span> <span class='ocrx_word' id='word_1_15' title='bbox 838 739 933 802; x_wconf 86' lang='lat' dir='ltr'><strong>quam</strong></span> <span class='ocrx_word' id='word_1_16' title='bbox 957 718 997 782; x_wconf 90' lang='lat' dir='ltr'><strong>ob</strong></span> <span class='ocrx_word' id='word_1_17' title='bbox 1021 739 1088 781; x_wconf 89' lang='lat' dir='ltr'><strong>rem</strong></span> <span class='ocrx_word' id='word_1_18' title='bbox 1112 717 1207 781; x_wconf 87' lang='lat' dir='ltr'><strong>aliter</strong></span> <span class='ocrx_word' id='word_1_19' title='bbox 1228 718 1335 781; x_wconf 88' lang='lat' dir='ltr'><strong>inter-</strong></span> 
     </span>
     <span class='ocr_line' id='line_1_4' title="bbox 267 839 1336 944; baseline -0.002 -38"><span class='ocrx_word' id='word_1_20' title='bbox 267 844 393 926; x_wconf 77' lang='lat' dir='ltr'><strong>pungit</strong></span> <span class='ocrx_word' id='word_1_21' title='bbox 423 843 479 906; x_wconf 87' lang='lat' dir='ltr'><strong>sed</strong></span> <span class='ocrx_word' id='word_1_22' title='bbox 502 844 660 906; x_wconf 87' lang='lat' dir='ltr'><strong>sententia</strong></span> <span class='ocrx_word' id='word_1_23' title='bbox 684 843 750 905; x_wconf 90' lang='lat' dir='ltr'><strong>eius</strong></span> <span class='ocrx_word' id='word_1_24' title='bbox 773 843 907 908; x_wconf 88' lang='lat' dir='ltr'><strong>obscura</strong></span> <span class='ocrx_word' id='word_1_25' title='bbox 931 845 988 944; x_wconf 75' lang='lat' dir='ltr'><strong>est.</strong></span> <span class='ocrx_word' id='word_1_26' title='bbox 1035 839 1234 908; x_wconf 80' lang='lat' dir='ltr'><strong>Constructio</strong></span> <span class='ocrx_word' id='word_1_27' title='bbox 1256 864 1336 905; x_wconf 83' lang='lat' dir='ltr'><strong>ver-</strong></span> 
     </span>
     <span class='ocr_line' id='line_1_5' title="bbox 214 966 1336 1050; baseline -0.002 -20"><span class='ocrx_word' id='word_1_28' title='bbox 214 1005 217 1012; x_wconf 40' lang='lat' dir='ltr'><strong>r</strong></span> <span class='ocrx_word' id='word_1_29' title='bbox 269 968 377 1031; x_wconf 88' lang='lat' dir='ltr'><strong>borum</strong></span> <span class='ocrx_word' id='word_1_30' title='bbox 414 990 432 1030; x_wconf 91' lang='lat' dir='ltr'><strong>a</strong></span> <span class='ocrx_word' id='word_1_31' title='bbox 459 966 623 1050; x_wconf 81' lang='lat' dir='ltr'><strong>Madvigio</strong></span> <span class='ocrx_word' id='word_1_32' title='bbox 648 967 807 1049; x_wconf 82' lang='lat' dir='ltr'><strong>explicata</strong></span> <span class='ocrx_word' id='word_1_33' title='bbox 831 969 888 1044; x_wconf 81' lang='lat' dir='ltr'><strong>est,</strong></span> <span class='ocrx_word' id='word_1_34' title='bbox 912 989 1014 1050; x_wconf 89' lang='lat' dir='ltr'><strong>neque</strong></span> <span class='ocrx_word' id='word_1_35' title='bbox 1038 969 1147 1030; x_wconf 86' lang='lat' dir='ltr'><strong>tamen</strong></span> <span class='ocrx_word' id='word_1_36' title='bbox 1170 967 1197 1030; x_wconf 92' lang='lat' dir='ltr'><strong>is</strong></span> <span class='ocrx_word' id='word_1_37' title='bbox 1220 987 1336 1033; x_wconf 84' lang='lat' dir='ltr'><strong>omnes</strong></span> 
     </span>
     <span class='ocr_line' id='line_1_6' title="bbox 268 1090 1333 1174; baseline -0.001 -19"><span class='ocrx_word' id='word_1_38' title='bbox 268 1091 470 1155; x_wconf 81' lang='lat' dir='ltr'><strong>difficultates</strong></span> <span class='ocrx_word' id='word_1_39' title='bbox 505 1092 616 1155; x_wconf 88' lang='lat' dir='ltr'><strong>tollere</strong></span> <span class='ocrx_word' id='word_1_40' title='bbox 651 1094 765 1174; x_wconf 86' lang='lat' dir='ltr'><strong>potes.</strong></span> <span class='ocrx_word' id='word_1_41' title='bbox 812 1090 970 1156; x_wconf 88' lang='lat' dir='ltr'><strong>Iuvenalis</strong></span> <span class='ocrx_word' id='word_1_42' title='bbox 997 1093 1096 1157; x_wconf 88' lang='lat' dir='ltr'><strong>verba</strong></span> <span class='ocrx_word' id='word_1_43' title='bbox 1119 1093 1164 1156; x_wconf 87' lang='lat' dir='ltr'><strong>sic</strong></span> <span class='ocrx_word' id='word_1_44' title='bbox 1188 1092 1333 1174; x_wconf 83' lang='lat' dir='ltr'><strong>accipio:</strong></span> 
     </span>
    </p>
   </div>
   <div class='ocr_carea' id='block_1_3' title="bbox 268 1213 1335 1300">
    <p class='ocr_par' dir='ltr' id='par_1_3' title="bbox 268 1213 1335 1300">
     <span class='ocr_line' id='line_1_7' title="bbox 268 1213 1335 1300; baseline 0 -22"><span class='ocrx_word' id='word_1_45' title='bbox 268 1215 341 1279; x_wconf 85' lang='lat' dir='ltr'><strong>audi</strong></span> <span class='ocrx_word' id='word_1_46' title='bbox 366 1216 452 1279; x_wconf 88' lang='lat' dir='ltr'><strong>aliud</strong></span> <span class='ocrx_word' id='word_1_47' title='bbox 475 1216 790 1300; x_wconf 81' lang='lat' dir='ltr'><strong>genusdiscriminis</strong></span> <span class='ocrx_word' id='word_1_48' title='bbox 814 1215 848 1296; x_wconf 84' lang='lat' dir='ltr'><strong>(i.</strong></span> <span class='ocrx_word' id='word_1_49' title='bbox 874 1239 905 1282; x_wconf 63' lang='lat' dir='ltr'><strong>e„</strong></span> <span class='ocrx_word' id='word_1_50' title='bbox 925 1217 1112 1299; x_wconf 79' lang='lat' dir='ltr'><strong>periculum,</strong></span> <span class='ocrx_word' id='word_1_51' title='bbox 1128 1237 1168 1280; x_wconf 90' lang='lat' dir='ltr'><strong>ne</strong></span> <span class='ocrx_word' id='word_1_52' title='bbox 1181 1213 1335 1280; x_wconf 62' lang='lat' dir='ltr'><strong>&#39;Catullus</strong></span> 
     </span>
    </p>
   </div>
   <div class='ocr_carea' id='block_1_4' title="bbox 265 1339 1334 1424">
    <p class='ocr_par' dir='ltr' id='par_1_4' title="bbox 265 1339 1334 1424">
     <span class='ocr_line' id='line_1_8' title="bbox 265 1339 1334 1424; baseline 0.001 -22"><span class='ocrx_word' id='word_1_53' title='bbox 265 1339 301 1402; x_wconf 86' lang='lat' dir='ltr'><strong>in</strong></span> <span class='ocrx_word' id='word_1_54' title='bbox 336 1340 415 1403; x_wconf 88' lang='lat' dir='ltr'><strong>mari</strong></span> <span class='ocrx_word' id='word_1_55' title='bbox 450 1339 628 1424; x_wconf 79' lang='lat' dir='ltr'>mergatur)</span> <span class='ocrx_word' id='word_1_56' title='bbox 664 1344 696 1403; x_wconf 87' lang='lat' dir='ltr'><strong>et</strong></span> <span class='ocrx_word' id='word_1_57' title='bbox 730 1341 890 1419; x_wconf 75' lang='lat' dir='ltr'><strong>miserere,</strong></span> <span class='ocrx_word' id='word_1_58' title='bbox 920 1363 1112 1424; x_wconf 86' lang='lat' dir='ltr'><strong>quamquam</strong></span> <span class='ocrx_word' id='word_1_59' title='bbox 1135 1341 1199 1404; x_wconf 88' lang='lat' dir='ltr'><strong>sint</strong></span> <span class='ocrx_word' id='word_1_60' title='bbox 1223 1344 1334 1404; x_wconf 84' lang='lat' dir='ltr'><strong>cetera</strong></span> 
     </span>
    </p>
   </div>
   <div class='ocr_carea' id='block_1_5' title="bbox 139 1455 1330 1547">
    <p class='ocr_par' dir='ltr' id='par_1_5' title="bbox 139 1455 1330 1547">
     <span class='ocr_line' id='line_1_9' title="bbox 139 1455 1330 1547; baseline 0.001 -21"><span class='ocrx_word' id='word_1_61' title='bbox 139 1455 143 1464; x_wconf 67' lang='grc'>’</span> <span class='ocrx_word' id='word_1_62' title='bbox 269 1464 302 1541; x_wconf 90' lang='lat' dir='ltr'><strong>(i.</strong></span> <span class='ocrx_word' id='word_1_63' title='bbox 339 1487 365 1527; x_wconf 90' lang='lat' dir='ltr'><strong>e.</strong></span> <span class='ocrx_word' id='word_1_64' title='bbox 401 1463 480 1540; x_wconf 79' lang='lat' dir='ltr'><strong>haec,</strong></span> <span class='ocrx_word' id='word_1_65' title='bbox 516 1486 586 1547; x_wconf 85' lang='lat' dir='ltr'><strong>quae</strong></span> <span class='ocrx_word' id='word_1_66' title='bbox 622 1486 705 1528; x_wconf 91' lang='lat' dir='ltr'><strong>nunc</strong></span> <span class='ocrx_word' id='word_1_67' title='bbox 739 1469 924 1528; x_wconf 71' lang='lat' dir='ltr'><strong>narraturus</strong></span> <span class='ocrx_word' id='word_1_68' title='bbox 959 1465 1041 1546; x_wconf 89' lang='lat' dir='ltr'><strong>sum)</strong></span> <span class='ocrx_word' id='word_1_69' title='bbox 1070 1465 1213 1529; x_wconf 87' lang='lat' dir='ltr'><strong>eiusdem</strong></span> <span class='ocrx_word' id='word_1_70' title='bbox 1236 1464 1330 1528; x_wconf 90' lang='lat' dir='ltr'><strong>sortis</strong></span> 
     </span>
    </p>
   </div>
   <div class='ocr_carea' id='block_1_6' title="bbox 267 1588 1335 2435">
    <p class='ocr_par' dir='ltr' id='par_1_6' title="bbox 268 1588 1335 1798">
     <span class='ocr_line' id='line_1_10' title="bbox 269 1588 1335 1681; baseline 0 -29"><span class='ocrx_word' id='word_1_71' title='bbox 269 1588 454 1673; x_wconf 80' lang='lat' dir='ltr'><strong>(naufragii)</strong></span> <span class='ocrx_word' id='word_1_72' title='bbox 478 1610 553 1671; x_wconf 90' lang='lat' dir='ltr'><strong>pars</strong></span> <span class='ocrx_word' id='word_1_73' title='bbox 576 1589 684 1651; x_wconf 84' lang='lat' dir='ltr'><strong>multis</strong></span> <span class='ocrx_word' id='word_1_74' title='bbox 707 1589 813 1681; x_wconf 75' lang='lat' dir='ltr'><strong>nautis</strong></span> <span class='ocrx_word' id='word_1_75' title='bbox 837 1589 974 1673; x_wconf 80' lang='lat' dir='ltr'><strong>cognita,</strong></span> <span class='ocrx_word' id='word_1_76' title='bbox 999 1590 1054 1653; x_wconf 89' lang='lat' dir='ltr'><strong>sed</strong></span> <span class='ocrx_word' id='word_1_77' title='bbox 1077 1593 1186 1654; x_wconf 89' lang='lat' dir='ltr'><strong>tamen</strong></span> <span class='ocrx_word' id='word_1_78' title='bbox 1210 1589 1277 1653; x_wconf 88' lang='lat' dir='ltr'><strong>dira</strong></span> <span class='ocrx_word' id='word_1_79' title='bbox 1294 1592 1335 1652; x_wconf 86' lang='lat' dir='ltr'><strong>et</strong></span> 
     </span>
     <span class='ocr_line' id='line_1_11' title="bbox 268 1713 1027 1798; baseline 0.001 -22"><span class='ocrx_word' id='word_1_80' title='bbox 268 1713 311 1778; x_wconf 91' lang='lat' dir='ltr'><strong>ob</strong></span> <span class='ocrx_word' id='word_1_81' title='bbox 334 1713 556 1778; x_wconf 70' lang='lat' dir='ltr'><strong>eam&#39;causam</strong></span> <span class='ocrx_word' id='word_1_82' title='bbox 581 1713 678 1798; x_wconf 86' lang='lat' dir='ltr'><strong>digna</strong></span> <span class='ocrx_word' id='word_1_83' title='bbox 702 1714 790 1778; x_wconf 91' lang='lat' dir='ltr'><strong>cuius</strong></span> <span class='ocrx_word' id='word_1_84' title='bbox 813 1717 844 1777; x_wconf 88' lang='lat' dir='ltr'><strong>te</strong></span> <span class='ocrx_word' id='word_1_85' title='bbox 869 1714 1027 1777; x_wconf 85' lang='lat' dir='ltr'><strong>misereat.</strong></span> 
     </span>
    </p>

    <p class='ocr_par' dir='ltr' id='par_1_7' title="bbox 267 1837 1334 2435">
     <span class='ocr_line' id='line_1_12' title="bbox 374 1837 1333 1921; baseline -0.001 -20"><span class='ocrx_word' id='word_1_86' title='bbox 374 1837 556 1921; x_wconf 72' lang='lat' dir='ltr'><strong>Descriptio</strong></span> <span class='ocrx_word' id='word_1_87' title='bbox 580 1839 779 1921; x_wconf 72' lang='lat' dir='ltr'><strong>tempestatis</strong></span> <span class='ocrx_word' id='word_1_88' title='bbox 803 1839 899 1902; x_wconf 90' lang='lat' dir='ltr'><strong>finem</strong></span> <span class='ocrx_word' id='word_1_89' title='bbox 922 1859 984 1901; x_wconf 90' lang='lat' dir='ltr'><strong>non</strong></span> <span class='ocrx_word' id='word_1_90' title='bbox 1007 1837 1105 1902; x_wconf 85' lang='lat' dir='ltr'><strong>habet</strong></span> <span class='ocrx_word' id='word_1_91' title='bbox 1126 1862 1155 1902; x_wconf 83' lang='lat' dir='ltr'><strong>v.</strong></span> <span class='ocrx_word' id='word_1_92' title='bbox 1174 1839 1227 1916; x_wconf 81' lang='lat'><strong>24,</strong></span> <span class='ocrx_word' id='word_1_93' title='bbox 1244 1839 1333 1921; x_wconf 79' lang='lat' dir='ltr'><strong>quod</strong></span> 
     </span>
     <span class='ocr_line' id='line_1_13' title="bbox 267 1961 1333 2046; baseline 0.002 -21"><span class='ocrx_word' id='word_1_94' title='bbox 267 1961 490 2046; x_wconf 85' lang='lat' dir='ltr'><strong>Bergmueller</strong></span> <span class='ocrx_word' id='word_1_95' title='bbox 525 1964 687 2026; x_wconf 84' lang='lat' dir='ltr'><strong>contendit</strong></span> <span class='ocrx_word' id='word_1_96' title='bbox 705 1962 737 2045; x_wconf 87' lang='lat'><strong>¹).</strong></span> <span class='ocrx_word' id='word_1_97' title='bbox 761 1962 859 2026; x_wconf 80' lang='lat' dir='ltr'><strong>&#39;Mihi</strong></span> <span class='ocrx_word' id='word_1_98' title='bbox 883 1964 1010 2046; x_wconf 86' lang='lat' dir='ltr'><strong>quidem</strong></span> <span class='ocrx_word' id='word_1_99' title='bbox 1034 1985 1133 2046; x_wconf 90' lang='lat' dir='ltr'><strong>usque</strong></span> <span class='ocrx_word' id='word_1_100' title='bbox 1158 1962 1197 2026; x_wconf 89' lang='lat' dir='ltr'><strong>ad</strong></span> <span class='ocrx_word' id='word_1_101' title='bbox 1219 1985 1251 2027; x_wconf 80' lang='lat' dir='ltr'><strong>v.</strong></span> <span class='ocrx_word' id='word_1_102' title='bbox 1275 1964 1333 2042; x_wconf 74' lang='lat'><strong>83,</strong></span> 
     </span>
     <span class='ocr_line' id='line_1_14' title="bbox 267 2087 1331 2172; baseline 0 -22"><span class='ocrx_word' id='word_1_103' title='bbox 267 2087 319 2151; x_wconf 84' lang='lat' dir='ltr'><strong>vel</strong></span> <span class='ocrx_word' id='word_1_104' title='bbox 342 2087 455 2150; x_wconf 86' lang='lat' dir='ltr'><strong>saltem</strong></span> <span class='ocrx_word' id='word_1_105' title='bbox 483 2088 523 2150; x_wconf 86' lang='lat' dir='ltr'><strong>ad</strong></span> <span class='ocrx_word' id='word_1_106' title='bbox 545 2111 574 2151; x_wconf 82' lang='lat' dir='ltr'><strong>v.</strong></span> <span class='ocrx_word' id='word_1_107' title='bbox 601 2089 652 2166; x_wconf 76' lang='lat'><strong>62,</strong></span> <span class='ocrx_word' id='word_1_108' title='bbox 677 2087 855 2151; x_wconf 85' lang='lat' dir='ltr'><strong>continuari</strong></span> <span class='ocrx_word' id='word_1_109' title='bbox 878 2088 1014 2164; x_wconf 81' lang='lat' dir='ltr'><strong>videtur,</strong></span> <span class='ocrx_word' id='word_1_110' title='bbox 1039 2088 1189 2172; x_wconf 90' lang='lat' dir='ltr'><strong>quoniam</strong></span> <span class='ocrx_word' id='word_1_111' title='bbox 1212 2087 1331 2166; x_wconf 77' lang='lat' dir='ltr'><strong>omnia,</strong></span> 
     </span>
     <span class='ocr_line' id='line_1_15' title="bbox 268 2211 1334 2296; baseline 0.002 -22"><span class='ocrx_word' id='word_1_112' title='bbox 268 2233 339 2294; x_wconf 82' lang='lat' dir='ltr'><strong>quae</strong></span> <span class='ocrx_word' id='word_1_113' title='bbox 374 2211 434 2276; x_wconf 90' lang='lat' dir='ltr'><strong>hoc</strong></span> <span class='ocrx_word' id='word_1_114' title='bbox 470 2212 538 2276; x_wconf 92' lang='lat' dir='ltr'><strong>loco</strong></span> <span class='ocrx_word' id='word_1_115' title='bbox 574 2216 771 2291; x_wconf 76' lang='lat' dir='ltr'><strong>enarrantur,</strong></span> <span class='ocrx_word' id='word_1_116' title='bbox 808 2211 847 2276; x_wconf 92' lang='lat' dir='ltr'><strong>ad</strong></span> <span class='ocrx_word' id='word_1_117' title='bbox 881 2211 1044 2296; x_wconf 81' lang='lat' dir='ltr'><strong>naufragii</strong></span> <span class='ocrx_word' id='word_1_118' title='bbox 1078 2213 1221 2295; x_wconf 88' lang='lat' dir='ltr'><strong>pericula</strong></span> <span class='ocrx_word' id='word_1_119' title='bbox 1244 2213 1296 2276; x_wconf 85' lang='lat' dir='ltr'><strong>ref</strong></span> <span class='ocrx_word' id='word_1_120' title='bbox 1314 2248 1334 2258; x_wconf 88' lang='lat'><em>-</em></span> 
     </span>
     <span class='ocr_line' id='line_1_16' title="bbox 268 2334 1330 2435; baseline 0 -35"><span class='ocrx_word' id='word_1_121' title='bbox 268 2339 390 2400; x_wconf 84' lang='lat' dir='ltr'><strong>rantur.</strong></span> <span class='ocrx_word' id='word_1_122' title='bbox 446 2335 559 2420; x_wconf 88' lang='lat' dir='ltr'><strong>Neque</strong></span> <span class='ocrx_word' id='word_1_123' title='bbox 599 2338 684 2400; x_wconf 87' lang='lat' dir='ltr'><strong>enim</strong></span> <span class='ocrx_word' id='word_1_124' title='bbox 719 2337 910 2401; x_wconf 85' lang='lat' dir='ltr'><strong>credendum</strong></span> <span class='ocrx_word' id='word_1_125' title='bbox 945 2340 1002 2414; x_wconf 80' lang='lat' dir='ltr'><strong>est,</strong></span> <span class='ocrx_word' id='word_1_126' title='bbox 1038 2334 1222 2435; x_wconf 78' lang='lat' dir='ltr'><strong>Iuvenalem</strong></span> <span class='ocrx_word' id='word_1_127' title='bbox 1256 2338 1330 2401; x_wconf 88' lang='lat' dir='ltr'><strong>illos</strong></span> 
     </span>
    </p>
   </div>
   <div class='ocr_carea' id='block_1_7' title="bbox 268 2462 1333 2545">
    <p class='ocr_par' dir='ltr' id='par_1_8' title="bbox 268 2462 1333 2545">
     <span class='ocr_line' id='line_1_17' title="bbox 268 2462 1333 2545; baseline 0 -20"><span class='ocrx_word' id='word_1_128' title='bbox 268 2483 377 2525; x_wconf 81' lang='lat' dir='ltr'><strong>versus</strong></span> <span class='ocrx_word' id='word_1_129' title='bbox 402 2463 532 2524; x_wconf 80' lang='lat'><strong>22-24</strong></span> <span class='ocrx_word' id='word_1_130' title='bbox 555 2465 679 2526; x_wconf 86' lang='lat' dir='ltr'><strong>tantum</strong></span> <span class='ocrx_word' id='word_1_131' title='bbox 704 2463 742 2525; x_wconf 90' lang='lat' dir='ltr'><strong>de</strong></span> <span class='ocrx_word' id='word_1_132' title='bbox 759 2462 892 2526; x_wconf 87' lang='lat' dir='ltr'><strong>fulmine</strong></span> <span class='ocrx_word' id='word_1_133' title='bbox 909 2463 1060 2545; x_wconf 76' lang='lat' dir='ltr'><strong>posuisse,</strong></span> <span class='ocrx_word' id='word_1_134' title='bbox 1077 2485 1141 2526; x_wconf 89' lang='lat' dir='ltr'><strong>non</strong></span> <span class='ocrx_word' id='word_1_135' title='bbox 1158 2464 1195 2527; x_wconf 90' lang='lat' dir='ltr'><strong>de</strong></span> <span class='ocrx_word' id='word_1_136' title='bbox 1213 2463 1333 2526; x_wconf 89' lang='lat' dir='ltr'><strong>ceteris</strong></span> 
     </span>
    </p>
   </div>
   <div class='ocr_carea' id='block_1_8' title="bbox 269 2585 1333 2671">
    <p class='ocr_par' dir='ltr' id='par_1_9' title="bbox 269 2585 1333 2671">
     <span class='ocr_line' id='line_1_18' title="bbox 269 2585 1333 2671; baseline 0.002 -23"><span class='ocrx_word' id='word_1_137' title='bbox 269 2585 430 2669; x_wconf 75' lang='lat' dir='ltr'><strong>periculis</strong></span> <span class='ocrx_word' id='word_1_138' title='bbox 448 2608 518 2670; x_wconf 88' lang='lat' dir='ltr'><strong>quae</strong></span> <span class='ocrx_word' id='word_1_139' title='bbox 534 2586 568 2649; x_wconf 93' lang='lat' dir='ltr'><strong>in</strong></span> <span class='ocrx_word' id='word_1_140' title='bbox 579 2586 748 2671; x_wconf 85' lang='lat' dir='ltr'><strong>naufragio</strong></span> <span class='ocrx_word' id='word_1_141' title='bbox 761 2587 893 2671; x_wconf 80' lang='lat' dir='ltr'><strong>cogitari</strong></span> <span class='ocrx_word' id='word_1_142' title='bbox 906 2592 1038 2669; x_wconf 85' lang='lat' dir='ltr'><strong>possunt</strong></span> <span class='ocrx_word' id='word_1_143' title='bbox 1050 2609 1183 2671; x_wconf 86' lang='lat' dir='ltr'><strong>quaeque</strong></span> <span class='ocrx_word' id='word_1_144' title='bbox 1196 2611 1215 2650; x_wconf 88' lang='lat' dir='ltr'><strong>a</strong></span> <span class='ocrx_word' id='word_1_145' title='bbox 1227 2587 1333 2670; x_wconf 84' lang='lat' dir='ltr'><strong>poetis</strong></span> 
     </span>
    </p>
   </div>
   <div class='ocr_carea' id='block_1_9' title="bbox 266 2711 1332 3170">
    <p class='ocr_par' dir='ltr' id='par_1_10' title="bbox 267 2711 1332 2920">
     <span class='ocr_line' id='line_1_19' title="bbox 267 2711 1304 2800; baseline 0.002 -28"><span class='ocrx_word' id='word_1_146' title='bbox 267 2732 330 2773; x_wconf 91' lang='lat' dir='ltr'><strong>non</strong></span> <span class='ocrx_word' id='word_1_147' title='bbox 353 2711 457 2774; x_wconf 87' lang='lat' dir='ltr'><strong>minus</strong></span> <span class='ocrx_word' id='word_1_148' title='bbox 481 2733 573 2794; x_wconf 90' lang='lat' dir='ltr'><strong>quam</strong></span> <span class='ocrx_word' id='word_1_149' title='bbox 600 2711 704 2774; x_wconf 86' lang='lat' dir='ltr'><strong>densae</strong></span> <span class='ocrx_word' id='word_1_150' title='bbox 728 2711 792 2774; x_wconf 82' lang='lat' dir='ltr'><strong>illae</strong></span> <span class='ocrx_word' id='word_1_151' title='bbox 816 2713 960 2775; x_wconf 82' lang='lat' dir='ltr'><strong>tenebrae·</strong></span> <span class='ocrx_word' id='word_1_152' title='bbox 982 2712 1162 2776; x_wconf 89' lang='lat' dir='ltr'><strong>enumerari</strong></span> <span class='ocrx_word' id='word_1_153' title='bbox 1185 2713 1304 2800; x_wconf 70' lang='lat' dir='ltr'><strong>solent</strong></span> 
     </span>
     <span class='ocr_line' id='line_1_20' title="bbox 374 2833 1332 2920; baseline 0.002 -22"><span class='ocrx_word' id='word_1_154' title='bbox 374 2833 510 2899; x_wconf 79' lang='lat' dir='ltr'><strong>Satiram</strong></span> <span class='ocrx_word' id='word_1_155' title='bbox 547 2835 763 2908; x_wconf 82' lang='lat' dir='ltr'><strong>duodecimam</strong></span> <span class='ocrx_word' id='word_1_156' title='bbox 798 2836 938 2900; x_wconf 82' lang='lat' dir='ltr'><strong>obscuris</strong></span> <span class='ocrx_word' id='word_1_157' title='bbox 970 2837 1136 2900; x_wconf 84' lang='lat' dir='ltr'><strong>sententiis</strong></span> <span class='ocrx_word' id='word_1_158' title='bbox 1160 2838 1332 2920; x_wconf 89' lang='lat' dir='ltr'><strong>verbisque</strong></span> 
     </span>
    </p>

    <p class='ocr_par' dir='ltr' id='par_1_11' title="bbox 268 2959 1330 3044">
     <span class='ocr_line' id='line_1_21' title="bbox 268 2959 1330 3044; baseline 0 -21"><span class='ocrx_word' id='word_1_159' title='bbox 268 2959 449 3039; x_wconf 86' lang='lat' dir='ltr'><strong>difficilibus</strong></span> <span class='ocrx_word' id='word_1_160' title='bbox 473 2960 627 3039; x_wconf 80' lang='lat' dir='ltr'><strong>laborare,</strong></span> <span class='ocrx_word' id='word_1_161' title='bbox 652 2961 790 3023; x_wconf 86' lang='lat' dir='ltr'><strong>maxime</strong></span> <span class='ocrx_word' id='word_1_162' title='bbox 813 2960 845 3022; x_wconf 92' lang='lat' dir='ltr'><strong>in</strong></span> <span class='ocrx_word' id='word_1_163' title='bbox 871 2983 908 3023; x_wconf 90' lang='lat' dir='ltr'><strong>ea</strong></span> <span class='ocrx_word' id='word_1_164' title='bbox 923 2965 1025 3044; x_wconf 83' lang='lat' dir='ltr'><strong>parte,</strong></span> <span class='ocrx_word' id='word_1_165' title='bbox 1042 2983 1112 3044; x_wconf 89' lang='lat' dir='ltr'><strong>quae</strong></span> <span class='ocrx_word' id='word_1_166' title='bbox 1129 2985 1178 3025; x_wconf 83' lang='lat' dir='ltr'><strong>vv.</strong></span> <span class='ocrx_word' id='word_1_167' title='bbox 1198 2962 1330 3025; x_wconf 84' lang='lat'>18—82</span> 
     </span>
    </p>

    <p class='ocr_par' dir='ltr' id='par_1_12' title="bbox 266 3063 1331 3170">
     <span class='ocr_line' id='line_1_22' title="bbox 266 3063 1331 3170; baseline 0 -22"><span class='ocrx_word' id='word_1_168' title='bbox 266 3072 457 3164; x_wconf 83' lang='lat' dir='ltr'><strong>continetur,</strong></span> <span class='ocrx_word' id='word_1_169' title='bbox 477 3063 578 3167; x_wconf 76' lang='lat' dir='ltr'><strong>¹supra</strong></span> <span class='ocrx_word' id='word_1_170' title='bbox 602 3085 748 3148; x_wconf 81' lang='lat' dir='ltr'><strong>diximus</strong></span> <span class='ocrx_word' id='word_1_171' title='bbox 784 3083 846 3149; x_wconf 83' lang='lat' dir='ltr'><strong>Vv.</strong></span> <span class='ocrx_word' id='word_1_172' title='bbox 870 3087 911 3148; x_wconf 87' lang='grc'><strong>30</strong></span> <span class='ocrx_word' id='word_1_173' title='bbox 929 3107 996 3168; x_wconf 88' lang='lat' dir='ltr'><strong>sqq.</strong></span> <span class='ocrx_word' id='word_1_174' title='bbox 1015 3107 1130 3149; x_wconf 86' lang='lat' dir='ltr'><strong>novum</strong></span> <span class='ocrx_word' id='word_1_175' title='bbox 1147 3086 1331 3170; x_wconf 87' lang='lat' dir='ltr'><strong>exemplum</strong></span> 
     </span>
    </p>
   </div>
   <div class='ocr_carea' id='block_1_10' title="bbox 269 3208 623 3293">
    <p class='ocr_par' dir='ltr' id='par_1_13' title="bbox 269 3208 623 3293">
     <span class='ocr_line' id='line_1_23' title="bbox 269 3208 623 3293; baseline 0.003 -21"><span class='ocrx_word' id='word_1_176' title='bbox 269 3214 325 3273; x_wconf 88' lang='lat' dir='ltr'><strong>est.</strong></span> <span class='ocrx_word' id='word_1_177' title='bbox 373 3208 502 3273; x_wconf 88' lang='lat' dir='ltr'><strong>Iahnius</strong></span> <span class='ocrx_word' id='word_1_178' title='bbox 526 3209 623 3293; x_wconf 87' lang='lat' dir='ltr'><strong>legit:</strong></span> 
     </span>
    </p>
   </div>
   <div class='ocr_carea' id='block_1_11' title="bbox 307 3384 1207 3674">
    <p class='ocr_par' dir='ltr' id='par_1_14' title="bbox 307 3384 1207 3674">
     <span class='ocr_line' id='line_1_24' title="bbox 389 3384 1207 3460; baseline -0.001 -17"><span class='ocrx_word' id='word_1_179' title='bbox 389 3403 456 3443; x_wconf 88' lang='lat' dir='ltr'><strong>cum</strong></span> <span class='ocrx_word' id='word_1_180' title='bbox 479 3386 583 3460; x_wconf 87' lang='lat' dir='ltr'><strong>plenus</strong></span> <span class='ocrx_word' id='word_1_181' title='bbox 606 3385 701 3442; x_wconf 89' lang='lat' dir='ltr'><strong>fluctu</strong></span> <span class='ocrx_word' id='word_1_182' title='bbox 725 3384 837 3444; x_wconf 88' lang='lat' dir='ltr'><strong>medius</strong></span> <span class='ocrx_word' id='word_1_183' title='bbox 861 3385 938 3443; x_wconf 89' lang='lat' dir='ltr'><strong>foret</strong></span> <span class='ocrx_word' id='word_1_184' title='bbox 961 3387 1062 3443; x_wconf 87' lang='lat' dir='ltr'><strong>alveus</strong></span> <span class='ocrx_word' id='word_1_185' title='bbox 1086 3385 1207 3455; x_wconf 89' lang='lat' dir='ltr'><strong>etiam,</strong></span> 
     </span>
     <span class='ocr_line' id='line_1_25' title="bbox 307 3491 1106 3567; baseline 0.003 -19"><span class='ocrx_word' id='word_1_186' title='bbox 307 3520 309 3525; x_wconf 94' lang='lat'><em>·</em></span> <span class='ocrx_word' id='word_1_187' title='bbox 390 3493 538 3550; x_wconf 89' lang='lat' dir='ltr'><strong>alternum</strong></span> <span class='ocrx_word' id='word_1_188' title='bbox 561 3492 668 3567; x_wconf 90' lang='lat' dir='ltr'><strong>puppis</strong></span> <span class='ocrx_word' id='word_1_189' title='bbox 691 3493 771 3549; x_wconf 88' lang='lat' dir='ltr'><strong>latus</strong></span> <span class='ocrx_word' id='word_1_190' title='bbox 795 3491 996 3565; x_wconf 79' lang='lat' dir='ltr'><strong>evertentibus</strong></span> <span class='ocrx_word' id='word_1_191' title='bbox 1020 3491 1106 3550; x_wconf 89' lang='lat' dir='ltr'><strong>undis</strong></span> 
     </span>
     <span class='ocr_line' id='line_1_26' title="bbox 390 3598 1077 3674; baseline 0.004 -20"><span class='ocrx_word' id='word_1_192' title='bbox 390 3598 407 3667; x_wconf 91' lang='lat'>†</span> <span class='ocrx_word' id='word_1_193' title='bbox 432 3598 546 3656; x_wconf 87' lang='lat' dir='ltr'><strong>arboris</strong></span> <span class='ocrx_word' id='word_1_194' title='bbox 571 3599 680 3656; x_wconf 87' lang='lat' dir='ltr'><strong>incerte</strong></span> <span class='ocrx_word' id='word_1_195' title='bbox 704 3599 815 3655; x_wconf 88' lang='lat' dir='ltr'><strong>nullam</strong></span> <span class='ocrx_word' id='word_1_196' title='bbox 838 3598 997 3674; x_wconf 87' lang='lat' dir='ltr'><strong>prudentia</strong></span> <span class='ocrx_word' id='word_1_197' title='bbox 1021 3604 1077 3658; x_wconf 91' lang='lat' dir='ltr'><strong>cet.</strong></span> 
     </span>
    </p>
   </div>
   <div class='ocr_carea' id='block_1_12' title="bbox 268 3759 1335 3972">
    <p class='ocr_par' dir='ltr' id='par_1_15' title="bbox 268 3759 1335 3972">
     <span class='ocr_line' id='line_1_27' title="bbox 268 3759 1335 3847; baseline 0.006 -24"><span class='ocrx_word' id='word_1_198' title='bbox 268 3759 379 3823; x_wconf 88' lang='lat' dir='ltr'><strong>Lectio</strong></span> <span class='ocrx_word' id='word_1_199' title='bbox 416 3764 562 3842; x_wconf 88' lang='lat' dir='ltr'><strong>corrupta</strong></span> <span class='ocrx_word' id='word_1_200' title='bbox 597 3764 658 3824; x_wconf 89' lang='lat' dir='ltr'><strong>est:</strong></span> <span class='ocrx_word' id='word_1_201' title='bbox 694 3760 813 3846; x_wconf 84' lang='lat' dir='ltr'><strong>nemini</strong></span> <span class='ocrx_word' id='word_1_202' title='bbox 848 3760 950 3824; x_wconf 85' lang='lat' dir='ltr'><strong>adhuc</strong></span> <span class='ocrx_word' id='word_1_203' title='bbox 986 3761 1130 3847; x_wconf 77' lang='lat' dir='ltr'><strong>contigit,</strong></span> <span class='ocrx_word' id='word_1_204' title='bbox 1161 3767 1197 3827; x_wconf 90' lang='lat' dir='ltr'><strong>ut</strong></span> <span class='ocrx_word' id='word_1_205' title='bbox 1218 3786 1335 3829; x_wconf 81' lang='lat' dir='ltr'><strong>veram</strong></span> 
     </span>
     <span class='ocr_line' id='line_1_28' title="bbox 268 3883 1334 3972; baseline 0.008 -26"><span class='ocrx_word' id='word_1_206' title='bbox 268 3883 460 3947; x_wconf 73' lang='lat' dir='ltr'><strong>restitueret,</strong></span> <span class='ocrx_word' id='word_1_207' title='bbox 506 3883 730 3948; x_wconf 85' lang='lat' dir='ltr'><strong>Lachmannus</strong></span> <span class='ocrx_word' id='word_1_208' title='bbox 753 3884 917 3968; x_wconf 90' lang='lat' dir='ltr'><strong>proposuit</strong></span> <span class='ocrx_word' id='word_1_209' title='bbox 940 3887 1045 3950; x_wconf 88' lang='lat' dir='ltr'><strong>arbori</strong></span> <span class='ocrx_word' id='word_1_210' title='bbox 1068 3887 1209 3968; x_wconf 76' lang='lat' dir='ltr'><strong>incertae,</strong></span> <span class='ocrx_word' id='word_1_211' title='bbox 1233 3911 1334 3972; x_wconf 86' lang='lat' dir='ltr'><strong>quam</strong></span> 
     </span>
    </p>
   </div>
   <div class='ocr_carea' id='block_1_13' title="bbox 379 4095 781 4166">
    <p class='ocr_par' dir='ltr' id='par_1_16' title="bbox 379 4095 781 4166">
     <span class='ocr_line' id='line_1_29' title="bbox 379 4095 781 4166; baseline 0.002 -17"><span class='ocrx_word' id='word_1_212' title='bbox 379 4095 397 4164; x_wconf 89' lang='lat'><strong>¹)</strong></span> <span class='ocrx_word' id='word_1_213' title='bbox 417 4097 598 4151; x_wconf 75' lang='lat' dir='ltr'><strong>Banentnnnn</strong></span> <span class='ocrx_word' id='word_1_214' title='bbox 616 4096 634 4149; x_wconf 95' lang='lat' dir='ltr'><strong>l.</strong></span> <span class='ocrx_word' id='word_1_215' title='bbox 654 4097 672 4150; x_wconf 92' lang='lat' dir='ltr'><strong>l.</strong></span> <span class='ocrx_word' id='word_1_216' title='bbox 692 4115 718 4166; x_wconf 93' lang='lat' dir='ltr'><strong>p.</strong></span> <span class='ocrx_word' id='word_1_217' title='bbox 739 4096 781 4150; x_wconf 83' lang='lat'><strong>38.</strong></span> 
     </span>
    </p>
   </div>
   <div class='ocr_carea' id='block_1_14' title="bbox 0 0 1470 4836">
    <p class='ocr_par' dir='ltr' id='par_1_17' title="bbox 0 0 1470 4836">
     <span class='ocr_line' id='line_1_30' title="bbox 0 0 1470 4836; baseline 0 0"><span class='ocrx_word' id='word_1_218' title='bbox 0 0 1470 4836; x_wconf 95' lang='lat' dir='ltr'><strong> </strong></span> 
     </span>
    </p>
   </div>
  </div>
 </body>
</html>
