2854 4828
720 434 892 497 „50-

277 623 396 678 tantum
420 624 498 678 artes
522 619 620 684 buius
644 622 762 676 tantum
786 617 979 676 medicamina
1002 622 1135 692 possunt,

179 797 182 803 Ι
277 745 344 801 quae
369 727 482 784 steriles
506 725 578 784 lacit
601 728 691 800 atque
714 724 845 782 homines
869 724 898 780 in
922 729 1025 782 ventre
1049 726 1195 784 necandos

279 833 426 891 conducit.
455 833 552 908 gaude
581 830 681 890 infelix
706 862 746 870 —
775 860 812 868 —-
838 851 905 888 narn
930 831 954 888 si
978 831 1142 890 distendere
1166 833 1259 889 vellet
1282 837 1339 889 cet.

278 995 311 1058 in
346 995 460 1078 quibus
496 997 528 1056 et
562 1015 719 1076 puerpera
753 997 786 1057 et
819 993 960 1056 venefica
994 997 1027 1056 et
1060 994 1193 1056 maritus
1216 994 1341 1057 vicibus

279 1120 414 1184 subiecti
437 1121 623 1202 funguntur.
670 1117 734 1182 cfr.
760 1115 785 1181 I.
813 1120 892 1182 155:

407 1305 482 1360 pone
507 1257 701 1359 Tigellinum:
731 1285 809 1342 taeda
832 1285 942 1342 lucebis
967 1284 995 1340 in
1020 1284 1070 1341 illa

409 1412 467 1467 qua
491 1396 602 1450 stantes
626 1391 740 1461 ardent,
766 1391 817 1466 qui
839 1391 896 1448 fixo
920 1395 1038 1466 pectore
1062 1392 1179 1450 fumant

409 1505 438 1557 et
460 1500 554 1556 latum
579 1498 673 1555 media
697 1499 812 1556 sulcum
836 1498 955 1556 deducit
978 1499 1088 1554 harena
1104 1487 1129 1568 ¹)

280 1662 382 1727 Multo
406 1661 564 1726 difficilior
588 1661 669 1724 alter
691 1661 744 1723 ille
768 1661 856 1723 locus
880 1664 927 1723 est
950 1658 1007 1724 VI.
1032 1661 1221 1725 233—236:

410 1837 461 1893 illa
485 1837 570 1894 docet
593 1835 687 1894 missis
712 1855 729 1892 a
753 1839 927 1910 corruptore
950 1836 1067 1893 tabellis

410 1944 450 2000 nil
473 1943 546 2000 rude
570 1961 623 2000 nec
646 1942 769 2016 simplex
793 1942 962 2012 rescribere,
988 1943 1097 2018 decipit
1120 1942 1171 2000 illa

410 2050 545 2108 custodes
570 2053 623 2106 aut
646 2067 703 2106 aere
727 2049 836 2112 domat.
862 2053 933 2106 tunc
957 2068 1079 2124 corpore
1103 2068 1174 2107 sano

410 2158 536 2214 advocat
559 2156 744 2230 Archigenen
769 2175 952 2230 onerosaque
975 2156 1066 2230 pallia
1089 2150 1181 2213 iactat

388 2320 491 2383 Multa
515 2319 650 2403 vestigia
673 2319 824 2383 orationis
850 2319 1083 2382 declamatoriae
1108 2319 1140 2381 in
1164 2319 1225 2383 hac
1249 2324 1338 2403 parta

283 2445 399 2519 satirae,
436 2450 470 2507 ut
504 2467 563 2526 par
597 2449 654 2522 est,
689 2444 836 2526 indagari
860 2428 1003 2526 possuntt
1049 2441 1262 2528 Interrogatio
1284 2445 1336 2507 illa

283 2571 411 2648 usitata,
436 2593 453 2632 a
477 2569 582 2632 verbis
606 2570 676 2652 quis
701 2569 805 2632 enirn?
829 2569 995 2651 incipiens,
1021 2573 1070 2631 est
1092 2592 1121 2632 ν.
1142 2571 1213 2632 141.
1250 2569 1337 2632 Alte-

283 2717 350 2757 ram
374 2717 403 2757 ν.
431 2696 492 2757 147
517 2693 681 2757 habemus.
728 2693 917 2776 Magnitudo
940 2693 1151 2778 Karthaginis
1168 2695 1340 2777 grandibus

282 2819 388 2883 verbis
423 2819 586 2882 extollitur
621 2842 669 2882 νν.
696 2820 883 2895 148—150;
908 2817 1071 2881 Hannibal
1094 2819 1227 2902 loquens
1250 2821 1335 2882 indu-

285 2945 367 3007 citur
400 2966 429 3006 ν.
464 2945 537 3022 155,
562 2943 674 3006 deinde
699 2944 887 3007 exclamatio
912 2948 1012 3026 poetae
1038 2945 1181 3027 sequitur
1206 2967 1254 3009 νν.
1280 2945 1333 3008 15ῖ

285 3069 403 3148 -158,
429 3068 457 3132 ei
481 3067 652 3146 simillima,
677 3090 747 3151 quae
771 3065 828 3131 VI.
854 3069 917 3131 255
942 3090 1011 3152 sqq.
1036 3068 1171 3153 legitur:

418 3245 504 3318 quale
528 3245 627 3312 decus,
652 3263 751 3300 rerum
775 3244 799 3301 si
822 3243 954 3319 coniugis
979 3244 1077 3301 auctio
1100 3243 1161 3313 fiat,

413 3351 529 3408 balteus
554 3355 584 3408 et
607 3351 728 3408 manieae
753 3356 782 3407 et
806 3350 902 3407 cristae
927 3351 1081 3424 crurisque
1105 3350 1217 3408 sinistri

413 3457 565 3515 dimidium
590 3457 729 3533 tegimen,
755 3457 801 3514 vel
825 3457 849 3514 si
874 3458 989 3514 diversa
1013 3456 1144 3514 movebit

413 3564 533 3636 proelia,
560 3567 594 3620 tu
618 3565 697 3634 felix,
722 3582 822 3621 ocreas
847 3562 991 3620 vendente
1015 3564 1131 3638 puella!

391 3722 658 3809 Interrogationes
682 3725 990 3808 exclamationesque
1015 3725 1190 3789 crebriores
1215 3726 1307 3788 fiunt:

396 3935 415 4001 ¹)
436 3937 505 3990 Sunt
533 3937 614 4000 enim,
643 3938 691 4005 qui
718 3938 761 3992 ita
788 3939 892 4006 legant.
930 3937 1042 3992 Rectius
1071 3942 1165 3992 tamen
1185 3934 1335 3992 deducitis

286 4026 398 4082 deducis
422 4027 585 4079 mutandum
606 4031 654 4089 est,
675 4027 738 4080 vide
758 4027 789 4078 a.
810 4027 894 4078 Basa:
924 4026 1104 4098 spicilegium
1124 4025 1337 4086 luvenalianum,
1411 4085 1412 4088 Ἴ

285 4116 386 4185 Lipsiae
408 4116 474 4168 lass
493 4135 538 4185 pp.
560 4117 601 4178 14,
621 4117 662 4169 36.
