2930 4836
706 449 899 534 „133-

275 629 342 689 est?
378 625 411 688 Si
446 648 554 689 omnes
590 626 613 688 ii
647 647 766 704 versus,
802 626 857 708 qui
884 627 1058 690 orationem
1083 627 1218 709 quodam
1244 628 1342 691 modo

274 752 506 834 interrumpere
540 753 717 828 videantur,
753 775 771 814 a
795 749 946 815 Iuvenale
970 752 1232 831 abiudicaremus
1258 775 1342 836 opus

275 899 364 958 aeque
399 877 592 940 laboriosum
627 876 769 958 profecto
794 897 829 939 ac
853 877 965 940 inutile
989 877 1231 959 susciperemus,
1280 878 1341 956 At,

275 1001 384 1063 dicunt
419 1002 473 1083 qui
505 1000 561 1064 hos
584 1023 693 1064 versus
711 1001 833 1079 delent,
858 1003 936 1064 ferri
959 1024 1022 1065 non
1046 1005 1149 1084 potest
1173 1024 1210 1065 ea
1234 1025 1342 1084 oppo-

274 1126 358 1204 sitio,
376 1147 446 1208 quae
463 1128 512 1188 est
531 1125 614 1188 inter
630 1126 814 1210 Aegyptum
833 1131 864 1189 et
880 1126 1054 1210 Canopum.
1074 1125 1132 1220 ⁴Iis
1149 1128 1340 1210 respondeo,

275 1273 337 1313 non
371 1250 555 1334 Aegyptum
592 1254 624 1314 et
659 1249 819 1334 Canopum
856 1252 910 1314 sed
945 1253 1116 1316 barbaram
1150 1253 1277 1315 turbam
1303 1255 1340 1314 et

275 1376 457 1458 luxuriosos,
486 1375 657 1458 Canopitas
692 1376 776 1438 inter
811 1398 843 1438 se
875 1376 999 1458 opponi.
1047 1375 1135 1469 Quod
1161 1376 1238 1439 dicit
1261 1375 1341 1439 Pal-

274 1481 355 1562 miris
380 1499 433 1580 (ad
457 1525 506 1566 vv.
532 1499 686 1581 47-48),
709 1478 795 1563 credi
811 1523 873 1563 non
890 1523 991 1583 posse,
1009 1500 1151 1564 homines
1167 1501 1240 1564 vino
1257 1501 1341 1564 adeo

275 1626 403 1689 obrutos
439 1627 478 1689 ab
511 1626 633 1706 impetu
668 1625 844 1688 ieiunorum
880 1626 932 1687 diu
957 1625 1143 1707 fortiterque
1167 1647 1200 1688 se
1225 1625 1340 1688 defen-

275 1751 368 1826 disse,
393 1773 455 1813 non
479 1749 627 1812 dicuntur
647 1750 669 1811 ii
687 1750 766 1812 ebrii
784 1750 895 1826 fuisse3
920 1749 979 1812 hoc
995 1753 1120 1812 tantum
1137 1750 1214 1812 dicit
1229 1753 1338 1832 poeta,

274 1873 456 1957 Tentyrites
495 1873 623 1936 facilem
660 1873 825 1936 victoriam
861 1896 894 1936 se
930 1866 1144 1956 reportaturos
1180 1896 1338 1956 sperasse,

274 2021 345 2062 cum
370 1997 514 2061 Ombitas
538 1998 728 2060 temulentos
753 2020 820 2061 esse
845 1999 1059 2080 opinarentur.

381 2121 456 2185 Alia
490 2122 706 2215 parenthesis¹
725 2145 775 2186 vv.
813 2124 940 2186 69-71
966 2123 1136 2200 invenitur,
1162 2145 1257 2206 quam
1280 2125 1339 2206 qui

273 2247 391 2330 legerit
425 2247 491 2309 sine
524 2247 589 2309 ulla
625 2247 821 2310 dubitatione
856 2242 987 2310 laudare
1020 2249 1148 2330 poterit.
1199 2244 1255 2310 In·
1272 2269 1339 2328 qua

274 2393 381 2433 rursus
416 2375 510 2453 poeta
545 2373 654 2434 eodem
690 2393 752 2454 quo
780 2374 827 2434 tot
851 2371 921 2433 aliis
944 2372 1021 2434 locis
1045 2373 1138 2436 modo
1163 2367 1200 2434 de
1226 2371 1338 2434 invisis

275 2495 396 2559 Graecis
419 2496 596 2572 cavillatur,
620 2491 693 2558 nani
717 2499 752 2558 nt
776 2497 922 2578 exempla
946 2518 985 2558 ex
1008 2496 1068 2558 hac
1091 2500 1217 2560 tantum
1237 2497 1340 2559 satira

274 2635 444 2698 sumamus
478 2643 528 2684 vv.
565 2622 617 2686 13,
641 2642 709 2702 sqq.
746 2643 783 2683 ea
806 2620 988 2698 irridentur,
1017 2643 1087 2703 quae
1113 2621 1150 2683 de
1175 2621 1339 2684 erroribus

177 2736 181 2741 ¹
274 2744 379 2810 Ulixis
403 2747 546 2809 narravit
569 2735 736 2823 Homerus,
762 2746 850 2808 cuius
874 2748 976 2828 poetae
1002 2745 1142 2819 carmina
1167 2746 1264 2808 etiam
1284 2767 1338 2808 vv.

276 2873 316 2934 65
353 2893 421 2954 sqq.
447 2871 582 2933 strictim
606 2870 824 2954 attinguntur·;
849 2871 943 2952 paulo
967 2870 1050 2932 intra
1075 2875 1124 2946 (v.
1143 2870 1220 2951 117)
1243 2867 1339 2974 luvet·

265 2996 354 3058 'natis
390 3017 423 3058 se
459 2995 651 3058 carminibus
686 2994 868 3058 Graecorum
904 2998 1070 3076 poetarum
1097 3015 1160 3057 non
1185 3015 1338 3078 magnam

276 3119 371 3184 fidem
406 3119 524 3183 habere
552 3120 667 3182 iterum
691 3117 866 3202 profitetur.
914 3118 978 3182 cfr.
1003 3116 1060 3182 VI.
1086 3119 1271 3196 ars-644,
1294 3116 1337 3182 X.

277 3245 339 3310 173
375 3257 433 3308 cet.
482 3244 530 3307 De
567 3267 603 3306 ea
627 3242 820 3326 parenthesi,
846 3265 916 3326 qnae
941 3247 989 3306 est
1012 3266 1062 3307 vv.
1088 3243 1228 3321 84-87,
1252 3243 1339 3305 iudi·

275 3369 363 3456 cium,
382 3392 526 3433 severum
551 3372 582 3431 et
605 3368 802 3432 Ribbeckius
827 3371 858 3430 et
877 3367 1042 3450 Kempfius
1060 3368 1216 3446 fecerunt,
1233 3389 1338 3449 neque

274 3497 383 3556 tamen
418 3497 503 3556 recte
538 3493 689 3570 iudicant,
725 3492 757 3554 id
793 3493 875 3574 quod
911 3490 1051 3554 Palmius
1086 3492 1234 3568 ostendit,
1265 3514 1340 3554 enm

275 3620 384 3680 contra
414 3617 628 3681 Ribbeckium
652 3617 765 3693 adfert,
790 3619 915 3699 poetam
940 3639 969 3679 v.
996 3618 1036 3679 86
1060 3637 1124 3679 non
1147 3617 1257 3700 ignem
1281 3617 1340 3679 sed

275 3741 442 3805 Volusium
478 3741 684 3824 Bithynicum
719 3741 847 3824 alloqui,
879 3744 987 3805 contra
1011 3741 1194 3822 Kempfium
1218 3744 1339 3818 monet,

274 3867 373 3930 verba
402 3868 506 3948 poetae
531 3870 572 3942 (v.
598 3865 652 3947 84)
677 3865 890 3929 acerbissimae
915 3865 1070 3928 irrisionis
1094 3865 1189 3948 plena
1213 3885 1283 3930 esse
1303 3864 1339 3946 ¹).

385 4132 500 4220 ¹)1Panu
519 4133 537 4186 l.
557 4132 575 4184 l.
594 4151 621 4200 p.
642 4131 665 4184 8.
