2916 4834
585 435 804 500 -41-“

135 637 203 680 111
237 619 272 679 ut
305 637 409 680 mores
444 604 523 693 eius,
554 614 664 698 quales
688 614 762 693 sint,
786 613 933 678 universe
957 616 1151 699 cognoscant
1172 613 1208 694 ii,

137 740 195 824 qui
228 739 352 825 legunt,
384 740 439 804 sed
471 741 507 803 ut
529 759 627 803 unum
650 739 869 804 tantummodo
891 739 1015 818 vitium,
1039 739 1117 825 gula
1140 739 1208 804 eius

136 865 174 930 in
208 886 280 930 caro
314 865 402 948 pisce
434 866 566 929 emendo
590 867 622 930 et
645 865 796 942 vorando,
821 864 994 948 separatim
1018 885 1209 929 commemo·

137 992 238 1054 retur.
285 987 323 1054 In
347 989 449 1053 altera
471 993 564 1074 parte
587 992 683 1072 poeta
707 991 781 1073 apte
803 989 953 1069 ostendit,
975 990 1132 1074 quomodo
1147 990 1209 1054 im-

136 1095 268 1198 perator
302 1116 371 1197 ipse
408 1137 480 1178 cum
514 1115 669 1179 eiusmodi
703 1114 820 1178 scurris
853 1117 940 1200 agat.
986 1112 1096 1190 Qualis
1125 1136 1208 1193 erus,

137 1239 214 1304 talis
237 1261 361 1304 servus:
388 1240 470 1304 alter
493 1240 628 1304 alterum
651 1239 686 1303 in
710 1239 844 1304 clariore
865 1239 935 1304 luce
953 1239 1096 1304 collocat.
1136 1237 1208 1304 Cri·

138 1365 250 1448 spinus
273 1366 315 1430 ob
339 1387 409 1429 eam
433 1386 562 1429 causam
577 1363 750 1447 separatim
766 1364 957 1444 nominatur,
974 1365 1058 1448 qnod
1073 1365 1101 1428 is
1117 1386 1207 1448 aeque

140 1490 378 1558 inconsiderate
403 1492 499 1573 atque
522 1489 697 1573 imperator
719 1490 752 1553 in
775 1490 874 1554 mullo
896 1489 1058 1554 insanivit.
1104 1488 1210 1553 Ceteri

139 1614 238 1680 aulici
271 1637 336 1679 non
366 1618 432 1678 tam
456 1616 537 1679 bene
562 1636 634 1678 cum
657 1615 841 1680 Domitiano
864 1615 1042 1698 comparari
1064 1617 1209 1697 possunt,
1251 1624 1253 1632 ’

139 1761 218 1804 nam
240 1738 322 1802 nihil
346 1740 384 1803 de
407 1739 515 1804 mullis
540 1761 648 1804 eorum
672 1743 762 1804 const
783 1742 806 1804 t.

248 1861 329 1928 Haec
362 1868 411 1928 est
433 1865 591 1929 sententia
615 1862 865 1949 Naegelsbachii,
889 1885 960 1947 quae
984 1865 1103 1946 quanta
1127 1861 1210 1926 diffi-

141 1988 262 2053 cultate
296 1989 430 2067 laboret,
465 1989 568 2072 quivis
592 1988 763 2073 intellegit.
809 1987 953 2052 Primum
977 1988 1061 2051 enim
1084 1986 1209 2050 nonde

140 2113 218 2200 gula
249 2113 314 2177 sola
345 2112 485 2196 Crispini
512 2114 546 2177 in
569 2113 632 2176 illis
657 2115 699 2178 36
722 2113 867 2178 versibus
891 2112 1008 2198 agitur,
1033 2112 1088 2175 sed
1112 2111 1209 2175 etiam

141 2238 411 2302 severianas
436 2223 518 2316 aas}
543 2238 656 2302 cernae
681 2261 728 2317 ea,
753 2261 824 2322 quae
850 2237 958 2301 aarum
980 2234 1022 2301 n.
1047 2236 1086 2300 ae
1103 2257 1209 2315 causa,

120 2383 199 2430 «our
223 2361 386 2446 Crispinus
410 2361 609 2445 potissimum
633 2363 816 2448 eligeretur,
844 2384 909 2426 non
931 2361 1067 2425 multum
1089 2359 1208 2424 valent.
1259 2390 1269 2404 ι

140 2486 232 2550 Dicit
254 2491 382 2570 poetam
406 2508 444 2550 ex
469 2486 580 2551 aulicis
602 2509 702 2551 unum
723 2491 843 2550 temere
859 2485 1056 2569 protrahere,
1079 2489 1116 2548 ut
1138 2484 1206 2568 pri-

139 2633 230 2674 mum
264 2609 367 2694 qualis
401 2609 454 2674 hic
489 2610 531 2676 sit
561 2612 716 2691 ostendat,
748 2610 861 2675 deinde
897 2609 1001 2693 qualis
1034 2610 1210 2693 imperator

103 2823 108 2830 ι
138 2737 222 2820 ipse.
279 2733 342 2800 Sed
380 2736 474 2799 simul
508 2740 607 2821 negat
641 2740 759 2819 praeter
790 2735 972 2820 Crispinum
1001 2735 1103 2798 ullum
1133 2737 1207 2818 apte

141 2859 222 2945 eligi
258 2881 360 2944 posse,
404 2861 488 2944 quod
528 2859 581 2924 hic
623 2861 734 2926 eodem
772 2861 865 2925 modo
906 2883 967 2944 quo
1005 2860 1208 2925 Domitianus

138 2986 275 3069 'propter
308 2985 430 3068 piscem
464 2985 603 3049 famosus
638 2985 746 3065 fuerit,
782 2985 880 3049 ceteri
907 3007 970 3049 non
993 2985 1081 3049 item.
1127 2983 1211 3060 Quid

116 3109 204 3188 ,hoc
226 3110 288 3173 sibi
311 3078 401 3174 111111
447 3109 546 3174 Ρο111
570 3110 671 3196 eligit,
695 3111 751 3175 ubi
773 3110 860 3194 optio
883 3111 1010 3175 omnino
1033 3109 1122 3174 nulla
1138 3131 1208 3174 esse
1281 3193 1284 3198 Ι

140 3237 258 3318 potest.
305 3233 387 3310 Quid
423 3234 558 3318 denique
593 3256 671 3320 opus
706 3235 767 3298 fuit
798 3234 980 3319 Crispinum
1001 3234 1209 3319 praemittere,
1281 3295 1291 3318 ‚

142 3381 217 3423 oum
250 3381 315 3437 non
349 3381 515 3422 commune
550 3380 622 3423 cum
657 3359 772 3423 ceteris
807 3359 918 3422 aulicis
952 3359 1032 3424 illud
1065 3357 1211 3438 haberet,

140 3487 275 3568 propter
309 3484 392 3567 quod
426 3483 566 3580 maxime
600 3483 910 3568 reprehenderetur?
955 3483 1008 3548 Ad
1043 3505 1210 3563 summam,

142 3609 172 3673 si
206 3605 377 3688 Iuvenalis,
413 3612 584 3692 antequam
613 3609 652 3673 ad
675 3608 896 3672 Domitianum
917 3608 1023 3692 ipsum
1045 3612 1211 3693 transgre-

142 3735 284 3813 deretur,
319 3733 496 3816 nequitiam
520 3733 693 3798 aulicorum
719 3733 893 3818 depingere
917 3733 1078 3812 voluisset,
1104 3752 1211 3798 exem-

141 3858 244 3942 plum,
279 3859 364 3942 quod
397 3858 432 3922 in
462 3859 605 3942 quemvis
629 3881 668 3922 ex
691 3858 846 3922 ministris
871 3858 1005 3923 Caesaris
1029 3858 1211 3942 quadraret,

142 4003 271 4047 sumere
295 3983 417 4048 debuit:
442 3987 478 4047 ut
499 4005 583 4047 nunc
606 4005 657 4047 res
681 3987 729 4046 est
752 3983 928 4068 imaginem
950 3983 984 4046 in
999 3984 1133 4068 prologo
1148 4005 1211 4048 non

141 4107 301 4172 habemus
323 4107 386 4172 nisi
410 4107 548 4191 Crispini
571 4107 678 4172 solius
