2916 4834
719 459 760 468 ..
785 365 893 488 36¹-

274 607 306 668 et
340 603 483 668 convicia
516 601 682 683 mandrae),
715 602 802 685 quod
832 605 928 684 eaput
950 603 1054 666 morbi
1078 602 1242 686 appellet,
1276 599 1335 668 Sed
1362 622 1366 626 ·

272 727 343 793 haee
376 728 504 806 leviora,
534 727 689 812 gravioris
713 727 865 793 momenti
888 727 1021 811 quaestio
1037 729 1103 807 est,
1126 727 1263 792 liceatne
1287 749 1335 792 re·

272 854 375 918 tinere
399 876 429 918 v.
454 852 518 916 242

402 1037 530 1095 namque
553 1018 627 1076 facit
650 1037 787 1077 somnum
811 1018 911 1076 clausa
934 1017 1038 1076 lectica
1061 1019 1200 1076 fenestra.

272 1172 303 1237 A
337 1173 446 1237 multis
479 1173 657 1251 damnatur,
689 1173 729 1236 ab
753 1172 834 1251 aliie,
859 1176 894 1236 ut
917 1195 936 1236 a
958 1171 1147 1251 Ribbeokio,
1171 1173 1335 1238 retinetur.

272 1297 386 1382 Neque
419 1299 488 1382 ipse
519 1298 617 1362 ullam
641 1319 769 1362 eausam
791 1297 908 1375 inveni,
945 1319 1001 1361 eur
1028 1297 1113 1362 hune
1136 1319 1263 1362 versum
1285 1319 1336 1361 re-

272 1444 429 1507 spuerem.
481 1418 567 1486 Nam
601 1423 685 1507 quod
716 1423 805 1486 aiunt
826 1422 1016 1507 languidum
1044 1443 1112 1486 esse
1136 1425 1168 1486 et
1191 1423 1335 1501 inertem,

177 1635 179 1647 Ι
271 1548 326 1614 vix
361 1569 439 1631 opus
475 1551 523 1611 est
556 1548 616 1611 hoe
651 1547 809 1612 refellere.
862 1543 931 1611 lam
960 1545 1116 1612 Weidner
1146 1548 1336 1628 observavit,

272 1695 417 1738 somnum
447 1672 590 1756 quietum
621 1672 727 1736 divitis
750 1673 785 1736 in
808 1671 922 1736 lectica
946 1672 1053 1735 clausa
1077 1673 1195 1756 opponi
1218 1673 1336 1736 insom-

271 1797 334 1862 niis
357 1798 507 1881 pauperis
530 1797 667 1863 hominis
691 1797 771 1883 aegri
787 1798 821 1860 in
836 1796 1016 1862 meritoriis.
1055 1794 1168 1880 Neque
1186 1797 1337 1862 abhorret

273 1922 540 1988 aeonsuetudine
571 1918 779 1986 Iuvenaliana
803 1921 870 1985 eius
895 1921 1022 2006 generis
1045 1943 1173 1986 versum
1194 1921 1338 2004 expliea-

272 2047 373 2111 tivum
397 2047 512 2111 addere
538 2047 696 2111 adfinem
720 2049 830 2129 aptum
845 2045 1080 2110 inveniendum.
1116 2043 1155 2108 In
1170 2049 1230 2110 sat.
1242 2042 1336 2110 VIII.

272 2194 301 2236 e.
325 2193 384 2256 gr,
408 2171 464 2235 ubi
486 2175 581 2254 poeta
604 2174 715 2235 notum
738 2170 827 2248 illud,
844 2170 961 2234 Decios
978 2192 1011 2234 se
1029 2170 1088 2234 diis
1101 2171 1334 2236 immortalibus

271 2319 330 2380 pro
353 2318 388 2360 re
411 2295 550 2379 publica,
574 2317 632 2378 pro
655 2295 730 2359 totis
753 2294 943 2380 legionibus,
967 2295 1031 2378 pro'
1048 2295 1193 2359 omnibus
1210 2296 1337 2360 auxiliis

272 2420 444 2498 devovisse,
469 2419 738 2499 commemoravit,
762 2441 889 2483 versum
906 2420 994 2482 addit
1009 2418 1102 2503 (258)
1119 2421 1231 2484 eodem
1242 2422 1337 2486 modo

272 2547 462 2628 usurpatum
486 2566 548 2627 quo
571 2540 632 2607 ΙΙΙ.
658 2544 721 2606 242

379 2710 474 2785 pluris
498 2709 576 2768 enim
599 2709 691 2776 Decii,
717 2729 807 2784 quam
831 2728 897 2785 quae
922 2709 1079 2768 Servantur
1104 2711 1140 2768 ab
1164 2711 1231 2769 illis.

377 2863 547 2948 Reliquam
582 2863 687 2927 satirae
722 2866 848 2946 partem
879 2885 951 2927 eum
973 2863 1121 2949 legimus
1145 2864 1251 2928 facere
1275 2887 1338 2929 non

271 3010 448 3073 possumne,
471 2988 549 3071 quin
563 3009 715 3072 magnam
731 2991 833 3051 artem
848 2984 1008 3052 Iuvenalis
1025 2989 1227 3068 admiremur,
1241 3011 1337 3073 quam

271 3115 429 3198 praeterea
452 3113 485 3176 in
507 3107 692 3198 hacsssatira
715 3112 853 3176 maxime
877 3113 1002 3177 elusere
1019 3117 1153 3177 constat.
1189 3113 1337 3177 Pericula

272 3237 387 3302 diurna
420 3241 591 3321 postquam
624 3241 691 3300 tam
720 3237 801 3301 vivis
825 3237 983 3301 coloribus
1006 3237 1120 3321 pinxit,
1144 3241 1180 3301 ut
1202 3239 1265 3322 ipsi
1287 3239 1338 3302 in-

213 3446 215 3460 ,
270 3364 390 3426 teresse
423 3361 589 3426 videamur
622 3382 681 3425 neo
715 3361 803 3445 prius
836 3361 1044 3426 interclusum
1073 3384 1165 3445 paene
1189 3363 1337 3446 spiritum

213 3496 218 3544 ἱ
271 3485 474 3571 recipiamus,
499 3508 595 3570 quam
619 3485 721 3550 salvos
744 3507 801 3550 nos
818 3485 955 3550 evasisse
971 3487 1062 3552 nobis
1075 3487 1335 3569 persuaserimuS,

269 3611 505 3696 transgreditur
536 3610 576 3674 ad
600 3610 725 3674 diversa
746 3610 889 3693 pericula
911 3611 1013 3674 noctis
1036 3632 1100 3675 non
1121 3611 1243 3674 minore
1267 3613 1335 3674 arte

271 3734 470 3818 exponenda.
516 3731 634 3819 Incipit
658 3757 677 3797 a
699 3734 875 3799 minoribus
893 3734 917 3817 ¹)
942 3737 974 3799 et
993 3734 1150 3818 paulatim
1164 3735 1280 3798 transit
1296 3734 1336 3798 ad

381 3925 401 3998 ¹)
420 3929 454 3984 V.
474 3927 524 3983 281
544 3929 639 3984 tamen
659 3927 807 3983 delendum
820 3946 878 3984 esse
892 3945 997 3984 censeo.
1029 3928 1091 3983 Non
1105 3927 1199 3997 planet
1211 3929 1334 3992 verbum,

271 4018 345 4087 quod
372 4019 415 4073 eet
442 4016 621 4087 quibusdam
649 4016 794 4086 multoque
820 4017 913 4071 minus
940 4016 1035 4087 placet
1060 4017 1156 4086 inepta
1181 4017 1233 4072 illa
1251 4017 1334 4072 inter·

271 4105 394 4176 rogatio:
422 4123 488 4178 ergo
507 4124 563 4162 non
582 4105 667 4162 aliter
683 4105 788 4176 poterit
806 4106 947 4162 dormiret
983 4107 1193 4176 Supervacanea
1211 4110 1253 4162 est
1271 4108 1335 4175 post
