2916 4834
617 393 621 412 ’
734 433 910 498 -rl-

277 615 357 676 'tam
391 633 459 676 esse
495 612 690 676 arbitrentur
712 610 737 694 ¹)
772 614 868 695 atque
903 615 976 695 post
1009 615 1146 675 mortem
1178 614 1282 695 poetae
1313 633 1352 675 ex

291 737 410 800 chartis
450 737 518 801 eius
556 759 652 800 unam
688 738 860 802 alteramve
894 737 959 800 iam
994 737 1167 822 divulgatis
1203 738 1353 802 additam.

289 859 383 926 Nihil
417 863 561 945 impedit,
597 863 765 946 quominus
799 885 911 927 manus
942 864 1036 927 amioi
1060 864 1230 948 abruptam
1252 863 1351 928 hanoe

291 987 329 1050 de
365 986 510 1071 Crispino
545 988 677 1052 satiram
711 989 745 1052 in
774 987 878 1053 luo‘em
906 990 1100 1072 protraxerit
1124 992 1164 1069 et,
1189 1011 1260 1054 oum
1284 1012 1354 1054 eam

292 1112 396 1176 amitti
430 1135 492 1176 non
526 1117 700 1197 pateretur,
735 1114 769 1177 in
800 1137 837 1178 eo
867 1113 935 1178 loeo
959 1115 1169 1194 collocaverit,
1194 1115 1248 1179 ubi
1271 1137 1353 1179 nuno

290 1237 460 1303 invenitur.
507 1237 583 1313 Quae
614 1240 641 1302 si
664 1239 710 1303 ita
733 1240 806 1318 sint,
830 1238 884 1302 hio
907 1239 993 1303 idem
1016 1239 1128 1319 editor,
1153 1262 1215 1324 quo
1238 1241 1353 1304 artiore

290 1363 417 1427 vinculo
452 1365 554 1428 ambae
589 1368 697 1447 partes
730 1369 927 1445 tenerentur,
957 1365 1028 1430 illos
1057 1388 1167 1430 versus
1192 1365 1247 1448 (28
1271 1364 1354 1450 sqq.)

191 1554 193 1558 ,
292 1488 407 1552 addere
431 1492 571 1572 poterat:

400 1693 502 1766 quales
525 1694 598 1750 tunc
622 1693 725 1768 epulas
748 1693 846 1769 ipsum
869 1692 993 1768 glutisse
1015 1653 1162 1769 putamus¹
1182 1695 1248 1763 cet,

292 1901 369 1963 quos
405 1904 423 1944 a
457 1877 607 1945 Iuvenale
637 1882 793 1946 immissos
823 1904 890 1946 esse
913 1883 1003 1947 nobis
1026 1905 1201 1966 numquam
1223 1904 1355 1966 persua-

292 2005 436 2070 serimus,

398 2129 521 2194 Primos
555 2131 655 2216 igitur
685 2136 808 2214 septem
837 2136 872 2195 et
891 2132 1008 2216 viginti
1031 2153 1140 2195 versus
1165 2155 1183 2195 a
1206 2128 1356 2196 Iuvenale

293 2255 475 2320 abiudicare
498 2256 653 2321 nolumus.
700 2256 767 2320 Hos
791 2278 915 2340 quoque
939 2255 1136 2321 Ribbeokius
1161 2257 1290 2321 damnat
1310 2257 1357 2322 le·

291 2379 429 2443 vissimis
453 2380 613 2445 interdum
638 2382 740 2446 causis
765 2382 887 2445 ductus.
904 2379 930 2463 2)

305 2479 316 2514 r
398 2502 478 2588 Haeo
502 2507 540 2570 de
565 2506 785 2571 coniunctione
805 2507 920 2590 prioris
935 2505 1029 2569 huius
1046 2506 1151 2570 satirae
1167 2505 1269 2589 partis
1285 2528 1357 2570 oum

291 2629 475 2711 posteriore,
500 2653 571 2713 quae
593 2635 702 2715 partes
725 2634 772 2696 tot
787 2631 871 2695 viros
888 2631 996 2694 doctos
1012 2632 1059 2694 ita
1076 2631 1115 2694 ad
1132 2631 1358 2714 disputandum

403 2878 423 2948 ¹)
444 2879 491 2934 cfr
512 2880 637 2946 Teuffelii
654 2879 732 2933 Stud.
751 2897 777 2932 u.
799 2871 878 2934 Chai.
897 2878 1047 2932 424-434.

402 2965 422 3036 ¹)
441 2969 475 3022 V.
506 2969 536 3022 11
566 2987 589 3022 e.
615 2987 656 3038 gr.
680 2967 806 3037 ineptum
825 2971 916 3030 vocat,
935 2968 1009 3036 quod
1027 2985 1084 3022 non
1103 2968 1206 3032 videat,
1227 2985 1358 3037 quaenam

294 3057 351 3112 sint
369 3057 421 3112 illa
441 3058 524 3112 faeta.
561 3058 602 3112 Re
621 3075 687 3112 vera
705 3075 761 3112 non
779 3057 870 3118 multa
888 3057 1082 3122 nominantur;
1101 3057 1200 3126 quodsi
1219 3058 1358 3128 fragmen-

293 3150 354 3202 tum
380 3147 462 3202 modo
489 3146 633 3216 amplioris
652 3145 745 3201 satirae
764 3147 907 3210 habemus,
926 3165 982 3201 non
1001 3146 1102 3200 mirum
1121 3149 1171 3210 est,
1191 3165 1249 3202 rem
1268 3147 1310 3201 ita
1330 3165 1358 3202 se

292 3237 404 3292 habere.
441 3237 475 3290 V.
507 3236 538 3290 13
565 3238 653 3306 negat
677 3236 766 3290 ullam
790 3234 848 3289 vim
866 3236 896 3289 in
914 3236 1076 3290 nominibus
1094 3235 1191 3300 inesse,
1212 3253 1273 3304 quae
1293 3239 1360 3290 sunt

293 3325 368 3381 Titio
397 3325 522 3394 Seioque,
551 3343 613 3380 cum
640 3325 725 3380 solita
753 3325 880 3394 exempla
903 3315 1013 3380 sint'in
1032 3324 1143 3394 seriptis
1162 3325 1230 3379 iuris
1250 3326 1359 3380 eonsul-

293 3419 387 3470 torum
413 3433 502 3483 neque
529 3414 564 3468 ad
588 3418 677 3469 certos
696 3414 770 3470 cives
789 3415 952 3470 referantur.
989 3415 1048 3470 Nos
1067 3432 1131 3469 vero
1150 3413 1180 3467 in
1198 3414 1359 3468 huiusmodi

294 3504 384 3559 causis
411 3504 572 3559 notissimos
599 3504 664 3562 illos
691 3504 822 3558 Paullum
847 3504 1015 3572 Petmmque
1039 3503 1147 3558 adferre
1166 3503 1298 3558 solemus:
1318 3503 1359 3557 sic

292 3594 424 3648 hocloco
443 3593 591 3648 luvenalis.
628 3593 672 3646 Ad
691 3611 716 3647 v.
740 3594 770 3647 17
791 3593 909 3648 adnotat
921 3593 1063 3662 proprium
1077 3609 1136 3648 esse
1147 3591 1358 3662 interpolatoris

291 3681 510 3737 namatiunculis
530 3682 688 3750 fabulisque
707 3681 830 3750 antiquis
850 3681 983 3737 diffidere.
1020 3681 1073 3736 Sed
1092 3681 1232 3737 luvenalis
1251 3681 1311 3751 ipse
1324 3683 1358 3737 de

292 3772 337 3826 his
356 3770 460 3825 fabulis
479 3788 551 3841 saepe
570 3771 685 3836 iocatur,
704 3774 737 3826 ut
755 3772 775 3826 Ι.
796 3772 838 3834 81,
858 3772 891 3826 Π,
915 3772 972 3836 141,
995 3771 1052 3824 150.
1090 3771 1173 3840 Porro
1192 3789 1218 3824 v.
1238 3771 1273 3825 20
1291 3771 1358 3824 Rib-

294 3860 392 3916 beokio
420 3860 507 3914 mirus
535 3861 653 3916 videtur.
697 3859 895 3928 Neque'enim
924 3878 952 3915 se
979 3860 1144 3929 intellegere
1170 3859 1219 3923 ait,
1240 3877 1288 3914 our
1305 3859 1359 3914 illa

266 4013 269 4020 Ι
293 3949 367 4004 ratio
387 3949 504 4004 ulterior
522 3949 567 4004 sit.
586 3949 727 4004 Nimirum

612 4038 643 4092 in
662 4039 760 4094 eaelum
779 4038 873 4094 evehit
892 4037 1000 4108 optima
1018 4037 1119 4092 summi

453 4145 527 4182 nuno
545 4126 593 4181 via
610 4144 760 4196 processus,
780 4127 882 4182 vetulae
901 4127 994 4182 vesica
1013 4128 1111 4182 beatae.
1132 4125 1163 4194 (l.
1184 4125 1237 4195 38).
