2916 4834
585 412 758 475 ..25ss

140 591 361 654 condicionem
384 590 576 668 ostenderet,
601 589 667 653 sive
690 611 847 672 pauperes
871 589 937 653 sire
954 589 1069 654 divites
1086 591 1208 664 essent3

138 717 174 780 in
209 715 333 798 reliqua
368 715 552 797 etquidem
575 715 693 778 maiore
716 719 808 796 perte
832 735 943 778 causas
966 715 1123 792 redderet,
1148 735 1204 778 cur
1259 721 1262 736 '

138 861 297 924 pauperes
320 840 354 902 iu
376 841 455 902 urbe
479 859 607 903 manere
631 859 694 902 non
715 842 853 921 possent,
878 861 949 902 cum
973 839 1069 902 variis
1084 839 1206 902 incom-

138 965 241 1028 modis
265 965 534 1028 excruciarentur.

245 1089 295 1154 Ex
317 1090 357 1153 iis
380 1090 535 1167 versibus,
563 1111 642 1172 quos
672 1089 706 1152 in
727 1088 886 1172 principio
909 1088 1015 1154 satirae
1040 1085 1202 1152 Iuvenalis

139 1215 279 1298 scripsit,
316 1215 420 1278 6-9-
436 1215 545 1298 iniquo
580 1214 685 1298 aliquo
709 1235 784 1278 casu
806 1215 912 1296 potius
936 1235 1031 1296 quam
1055 1217 1122 1277 arte
1147 1218 1209 1278 aut

140 1341 272 1404 consitio
297 1363 316 1404 a
337 1342 435 1423 poeta
469 1339 569 1404 additi
592 1340 683 1403 nobis
707 1339 865 1402 videntur.
911 1337 994 1413 Quid
1017 1340 1103 1402 enim
1127 1361 1208 1422 opus

140 1465 204 1529 fuit
226 1469 298 1548 post
320 1465 378 1528 illa
400 1467 498 1528 verba
794 1440 795 1448 ¹
1142 1451 1147 1466 ’

340 1614 396 1671 ego
419 1597 466 1653 vel
489 1595 671 1670 Prochytam
693 1612 834 1688 prepono
858 1593 984 1652 Suburae

141 1718 295 1798 quattuor
328 1714 472 1777 versibus
503 1713 672 1795 explicare,
702 1713 835 1776 alteram
857 1714 959 1776 solam
981 1718 1014 1776 et
1037 1715 1206 1794 desertam,

144 1840 280 1904 alteram
302 1839 549 1903 fervidissimam
571 1841 696 1922 partem
711 1837 820 1902 Romae
838 1859 916 1917 esse,
933 1861 1004 1921 quae
1020 1861 1071 1902 res
1086 1839 1207 1902 nemini

139 1965 260 2049 ignotae
284 1967 397 2028 erant?
443 1962 520 2038 Quis
551 1984 614 2027 non
643 1963 760 2038 videat,
785 1966 904 2046 quanto
926 1964 1040 2026 melius
1063 1964 1206 2052 ¹futurum

142 2089 252 2170 fuerit,
276 2090 304 2152 si
326 2092 431 2172 poeta,
448 2078 575 2151 reiectis
598 2111 648 2151 vv.
674 2089 770 2166 6-9,
795 2089 981 2152 brevissimo
996 2088 1052 2152 illo
1067 2111 1161 2153 versu
1185 2091 1205 2154 5

138 2213 198 2278 has
222 2214 397 2278 contrarias
421 2235 471 2276 res
495 2213 579 2276 inter
601 2235 634 2276 se
659 2217 884 2296 comparasset,
908 2237 1031 2278 memor
1054 2215 1205 2278 111111111-

39 2355 42 2363 ’
140 2339 201 2423 gis,
225 2359 297 2422 quae
320 2338 409 2401 iubet
431 2337 565 2401 facetias
587 2338 719 2420 propria
741 2339 783 2413 vi,
800 2338 895 2401 nullis
913 2339 1028 2433 additis
1044 2361 1205 2403 commen-

139 2463 240 2542 tariis,
265 2463 385 2526 animos
409 2483 527 2540 eorum,
551 2462 606 2545 qui
630 2439 770 2540 audiant,
787 2466 1007 2526 commovere?
1042 2461 1206 2538 111110111-

142 2587 292 2652 mentarii
326 2585 407 2650 nihil
441 2586 528 2650 aliud
562 2586 686 2650 efficere
710 2587 811 2650 solent
833 2587 894 2649 nisi
917 2590 954 2649 ut
976 2589 1085 2667 risum,
1109 2609 1204 2672 quem

141 2712 259 2775 edituri
283 2733 418 2783 eramus,
443 2711 548 2774 subito
571 2709 782 2774 cohibeamus.

247 2835 372 2899 Deinde
395 2835 512 2898 mirum
536 2838 593 2914 est,
617 2836 701 2918 quod
724 2835 802 2898 dicit
823 2838 919 2918 poeta
942 2859 972 2900 v.
997 2837 1015 2900 9

267 2973 271 2982 ”
346 2973 375 3024 11
398 2965 538 3041 Augusto
561 2965 719 3023 recitantes
742 2984 841 3022 mense
863 2968 976 3040 poetas.

142 3082 342 3167 Quamquam
376 3084 462 3149 enim
496 3085 534 3146 de
568 3085 681 3147 ceteris
705 3086 793 3150 urbis
815 3085 1022 3149 incommodis
1046 3087 1131 3150 infra
1154 3109 1207 3153 co-

142 3209 233 3292 piose
257 3209 410 3291 disputat,
435 3209 474 3272 de
497 3208 738 3273 recitationibus
753 3213 920 3292 poetarum
936 3211 1059 3274 nulium
1074 3214 1206 3276 verbum

140 3332 265 3397 habet..
296 3328 340 3395 Hi
374 3335 526 3416 quattuor
559 3354 668 3396 versus
704 3336 739 3397 ut
773 3337 846 3396 sunt
878 3335 946 3397 sine
978 3356 1073 3398 causa
1096 3337 1204 3400 iniect'
1285 3353 1288 3360 ·

141 3458 231 3521 nobis
255 3479 294 3520 ea
316 3455 406 3520 oculo
430 3457 541 3539 rapido
563 3458 780 3542 perstringere
803 3459 1003 3540 permittunt,
1027 3482 1097 3543 quae
1121 3461 1207 3525 infra

141 3579 241 3644 multo
264 3581 420 3663 copiosius
445 3581 655 3663 explicantur,
672 3583 728 3644 sed
744 3583 898 3665 quaeritur
913 3583 1023 3647 iurene
1039 3607 1079 3647 an
1095 3585 1204 3668 inepte

140 3705 201 3770 hoc
235 3681 297 3770 siti
330 3709 427 3788 poeta
455 3707 647 3789 permiserit.
693 3705 786 3770 Nihil
809 3708 896 3771 atiud
918 3709 951 3772 id
974 3731 1075 3794 genus
1098 3711 1132 3774 in
1154 3733 1207 3774 sa·

141 3831 212 3894 11111
237 3831 304 3893 eius
328 3831 509 3895 invenimus
527 3830 562 3913 ¹).

252 4005 271 4074 1)
291 4007 365 4060 Nam
384 4011 436 4062 sat.
455 4008 488 4060 X.
507 4011 540 4062 ut
552 4025 578 4062 v.
592 4009 609 4062 4
623 4025 681 4076 sqq.
696 4007 775 4078 (quid
785 4009 859 4064 enim
872 4009 981 4064 ratione
993 4009 1124 4065 timemus
1138 4011 1203 4080 cet.)

141 4095 211 4150 satis
237 4095 388 4151 manifesto
416 4114 449 4152 ea
476 4097 675 4167 significentur,
700 4115 761 4166 quae
781 4098 1058 4167 deindesequuntur,
1078 4103 1203 4156 atcerte
