2916 4834
565 413 743 476 .-61...κ

426 543 430 576 t

116 614 231 657 eorum
264 614 328 656 non
355 592 422 655 sine
447 611 594 656 successu
616 590 745 655 refutat.
791 588 905 674 Neque
928 593 1035 654 tamen
1058 589 1184 668 mirum,
1211 579 1212 586 ἵ
1245 643 1250 655 ,
1280 582 1283 589 ’
1381 572 1385 591 ⁴

117 720 148 782 si
171 716 231 782 hoc
255 739 381 802 quoque
404 717 475 781 loco
498 716 599 780 multa
623 718 735 795 mutat,
760 717 868 796 demit,
891 715 1085 799 transponit3
1107 715 1185 779 adeo

117 844 182 907 ista
206 843 432 907 consuetudine
457 842 661 919 assuevimus,
690 844 726 906 ut
749 863 819 924 quae
843 842 981 905 suntab
1005 862 1041 904 eo
1063 841 1186 904 intacta

117 969 224 1054 magis
263 991 360 1052 quam
397 971 484 1031 tacta
522 964 766 1031 admirationem
804 969 1035 1043 commoveant3
1078 969 1186 1029 tamen

115 1098 253 1177 propter
288 1116 336 1173 ea,
372 1115 452 1176 quae·
477 1114 595 1178 magno
624 1093 748 1177 ingenii
775 1093 920 1157 acumine
944 1093 983 1155 de
1006 1091 1129 1155 ratione
1153 1093 1186 1154 et

120 1219 291 1303 disciplina
320 1217 414 1282 huius
443 1219 549 1282 satirae
574 1218 757 1301 disputavit,
781 1217 906 1281 facilius
931 1217 1126 1294 adducimur,
1151 1217 1187 1279 ut

119 1344 261 1408 studium
292 1343 359 1406 eius
388 1365 565 1407 sermonem
589 1346 691 1425 poetae
714 1342 850 1407 novandi
873 1363 935 1406 non
957 1342 1185 1423 vituperemus,

229 1467 479 1552 Noepetsbocttas
495 1467 520 1550 1)
544 1467 725 1531 universam
747 1468 878 1530 satiram
901 1467 935 1531 in
950 1469 1101 1550 quattuor
1112 1487 1187 1548 par·

120 1599 172 1677 tes
196 1594 318 1658 dividit.
365 1590 405 1656 In
427 1593 531 1676 prima
554 1592 618 1675 (vv.
636 1593 779 1674 1—285)
797 1593 842 1657 ait
857 1592 1006 1656 mulieres
1022 1595 1187 1674 tamquam

119 1719 255 1784 maritas
279 1718 427 1797 describi,
455 1718 490 1781 in
512 1718 650 1782 secunda
674 1717 738 1798 (tv.
763 1716 951 1798 286-300)
974 1716 1132 1801 originem
1155 1717 1187 1778 et

27 1849 30 1852 ’
119 1845 244 1909 fontem
266 1847 315 1908 tot
338 1847 370 1906 et
392 1845 554 1907 tantorum
577 1843 734 1907 malorum
757 1843 869 1925 repeti,
893 1864 989 1925 quem
1010 1842 1047 1930 in
1060 1840 1187 1904 luxuria

121 1974 219 2053 atque
254 1968 395 2032 moribus
430 1968 504 2032 inde
540 1960 721 2050 depravatis
758 1968 849 2031 docet
879 1989 946 2030 esse
970 1967 1186 2052 quarendum.

120 2094 232 2160 Tertia
266 2116 340 2177 pars
375 2092 438 2174 (vv.
476 2091 664 2174 col—591)
698 2092 829 2155 maritas
859 2095 1023 2174 tamquam
1051 2090 1207 2154 feminas·

120 2219 254 2297 inducit,
297 2223 411 2301 quarta
451 2218 585 2301 denique
625 2216 689 2298 (vv.
724 2215 912 2298 saa-661)
947 2216 981 2278 in
1014 2215 1187 2280 sceleribus

120 2344 300 2408 manifestis
323 2343 492 2409 mulierum
516 2343 797 2408 commemorandis
820 2345 975 2406 versatur.
1066 2407 1069 2412 ,

230 2467 305 2531 Alia
329 2471 377 2531 est
400 2468 566 2551 dispositio
591 2469 770 2531 Hermoam'
785 2466 822 2549 ²),
847 2489 1040 2550 quamquam
1064 2466 1094 2529 ei
1109 2488 1186 2549 quo·

121 2615 184 2676 que
209 2592 390 2656 distributio
414 2592 648 2676 quadripartita
663 2593 778 2676 placet,
795 2614 866 2676 quae
882 2595 990 2655 tamen
1005 2591 1086 2654 nihil
1102 2612 1187 2656 com·
1207 2578 1211 2586 ¹

121 2739 218 2780 mune
253 2717 352 2781 habet
387 2739 460 2780 cunr
495 2740 542 2796 ea,
578 2718 667 2781 cuius
702 2720 811 2781 auctor
839 2714 1105 2802 Naegelsbachius
1129 2719 1187 2782 est.

121 2841 220 2924 Apud
243 2824 628 2924 Hermannum'primum
651 2864 753 2906 sermo
778 2845 826 2905 est
849 2843 887 2905 de
903 2842 1102 2925 impudicitia
1118 2865 1188 2905 mu-

120 2967 238 3030 lierum
273 2967 336 3048 (vv.
369 2966 522 3047 1-132),
554 2951 665 3030 deinde
690 2968 728 3030 de
752 2966 881 3030 levitate
905 2967 1100 3045 maritorum,
1125 2989 1188 3049 qua

121 3091 188 3155 illae
212 3091 246 3154 in
270 3091 418 3175 graviora
440 3091 519 3155 vitia
542 3091 752 3174 libidinesque
776 3091 970 3175 instigentur
993 3089 1056 3173 (vv.
1079 3091 1186 3156 133-

123 3214 217 3297 285);
252 3217 320 3278 tum
344 3211 414 3278 fons
438 3216 506 3298 ipse
530 3216 685 3280 malorum
709 3215 743 3298 (i.
768 3237 796 3280 e.
819 3215 961 3279 luxuries
986 3219 1017 3278 et
1040 3217 1188 3280 universa

120 3344 304 3423 temporum
327 3340 520 3423 corruptela)
544 3341 718 3424 requiritur
733 3340 797 3423 (vv.
811 3339 1010 3422 ass-473),
1027 3344 1196 3423 postremo¹

120 3465 294 3529 crudelitas
329 3468 471 3528 matrum·
501 3465 640 3528 familias
668 3465 877 3548 nefandaque
902 3487 1011 3529 earum
1034 3467 1188 3549 supersti-
1267 3533 1277 3540 κ

120 3590 225 3654 tiones
249 3589 340 3653 nobis
365 3592 437 3652 ante
462 3589 568 3654 oculos
591 3594 761 3673 ponuntur.

201 3734 207 3742 ·
231 3712 409 3797 Utramque
443 3715 680 3797 dispositionem
703 3715 881 3779 claudicare
905 3715 970 3778 iam
992 3714 1188 3780 Ribbeckius

121 3839 364 3903 demonstravit.
409 3836 650 3923 Naegelsbachii
680 3839 774 3903 nimis
805 3840 1007 3904 artificiosam
1032 3841 1187 3923 appellat:

236 4014 255 4082 ¹)
275 4015 376 4069 Philol.
395 4015 444 4068 III.
463 4034 489 4084 p.
509 4016 561 4070 472
580 4033 640 4084 sqq.

237 4101 258 4172 ⁹)
277 4104 295 4157 l.
315 4104 333 4157 l.
353 4123 379 4173 p.
398 4105 471 4158 xlv.
