2854 4828
562 407 732 469 ...232-

275 596 310 648 tu
333 593 453 649 tantum
478 590 572 649 erucis
596 589 731 665 imprime
755 591 872 648 dentem

109 757 233 820 mirum
256 734 411 838 qirautum
431 755 578 819 acerbam
593 754 682 818 illam
699 755 933 819 cavillationem
950 753 1073 837 resipit,
1090 754 1177 818 cuiue

108 881 202 964 apud
239 878 422 945 quenalem
457 901 546 943 usum
571 884 638 943 tam
660 878 725 944 late
749 883 857 963 patere
881 880 1034 956 videmua
1059 880 1114 943 sed
1138 880 1178 943 ad

111 999 338 1070 difficultatem
372 1004 547 1068 tollendam
581 1026 643 1068 non
678 1005 803 1076 sufficit.
849 1001 963 1089 Neque
997 1004 1092 1070 lectio
1126 1027 1178 1068 co·

108 1129 195 1193 dicia
219 1129 275 1194 P.:

238 1280 343 1353 gratus
366 1273 440 1335 eris:
465 1281 500 1336 tu
523 1280 642 1334 tantum
666 1277 761 1336 erucis
784 1278 919 1353 imprime
944 1279 1061 1336 dentem

110 1465 157 1506 ex
195 1441 350 1526 angustiis
384 1463 440 1505 nos
476 1427 621 1524 expedit3
656 1442 784 1505 obstant
806 1441 906 1505 nihilo
929 1442 1032 1506 minus
1056 1439 1181 1508 Naevoli

110 1568 235 1632 verba:
259 1565 329 1630 haec
353 1566 499 1650 exempla
523 1589 601 1649 para
625 1566 771 1631 felicibus
796 1570 856 1630 cet.

226 1690 459 1755 Gohaerentiam
493 1689 555 1754 viri
579 1691 663 1754 docti
687 1691 741 1754 alii
765 1691 858 1756 aliter
882 1692 1051 1757 defendere
1075 1693 1180 1756 conati

110 1820 201 1879 sunt.
249 1814 427 1879 Buecheler
446 1815 470 1898 ¹)
494 1838 545 1879 vv.
571 1817 745 1881 133-134
769 1817 815 1879 sic
838 1817 935 1901 legit:

807 1984 882 2041 alter
906 1989 1021 2043 amator

279 2075 384 2147 gratus
409 2070 465 2129 erit

227 2233 317 2312 Quod
351 2234 418 2298 siue
443 2235 539 2300 dubio
562 2235 703 2298 ieiunum
727 2236 876 2300 solatium
899 2240 964 2302 est:
988 2259 1063 2300 nam
1086 2238 1113 2300 si
1136 2237 1181 2300 ita

112 2360 297 2439 scribimua‚
322 2363 417 2444 poeta
440 2357 607 2424 Naevolum
631 2360 810 2424 consolatur
833 2336 888 2444 spe
905 2361 1063 2426 feliciores
1082 2383 1179 2426 aemu-

114 2487 166 2550 los
189 2485 383 2549 inveniendi.

227 2608 391 2675 Schulzius
414 2609 523 2695 legere
547 2609 616 2673 vult
632 2609 675 2693 2);

759 2751 853 2809 altera
876 2753 970 2811 maior

228 2875 293 2932 spes
317 2859 469 2932 superest:
495 2861 529 2914 tu
552 2860 671 2916 tantum
695 2859 790 2918 erucis
813 2859 948 2934 imprime
973 2860 1100 2918 dentem.

228 2967 332 3040 gratus
357 2963 422 3022 eu’S.
447 2967 483 3022 tu
505 2967 625 3023 tanturn
649 2965 744 3023 erucis
767 2965 902 3041 imprime
927 2967 1054 3025 dentem.

229 3071 292 3129 haec
316 3072 448 3146 exempla
471 3091 544 3148 para
567 3072 712 3130 felicibus.

229 3231 346 3297 Omnes
374 3235 474 3319 igitur
496 3234 649 3298 lectiones
674 3237 764 3300 codd.
789 3239 982 3322 comprobat.
1029 3237 1092 3303 Sed
1115 3261 1183 3304 ma-

114 3362 178 3425 net
201 3357 257 3422 illa
280 3359 505 3444 interrogatio:
530 3361 606 3443 quid
630 3361 692 3424 sibi
715 3361 783 3426 vult
806 3385 836 3426 v.
860 3363 921 3426 135
939 3362 1021 3444 (haec
1038 3366 1184 3450 exempla

115 3483 199 3572 cet.)
244 3484 408 3550 Schulzius
444 3486 481 3548 de
519 3485 624 3569 gratia
658 3508 784 3570 magnae
812 3489 978 3572 beataeque
1001 3489 1112 3554 amicae
1137 3494 1185 3568 (ut

118 3610 147 3676 Ι.
185 3610 241 3693 39)
276 3610 418 3693 cogitare
452 3610 586 3688 videtur,
622 3633 693 3694 quae
729 3613 910 3676 coniectura
944 3614 1064 3679 nullam
1094 3616 1184 3680 nobis

117 3754 335 3765 ...--——.—-——-

233 3831 253 3900 ¹)
273 3833 302 3887 ll.
322 3833 477 3888 Bteunnaa:
506 3832 691 3888 Coniectanea
710 3834 743 3888 de
762 3833 831 3890 Silio
851 3836 982 3892 Iuvenale
1000 3839 1101 3893 Plauto
1120 3838 1184 3894 aliie

118 3921 213 3993 poetis
232 3922 282 3976 lat.
303 3921 371 3975 Mus.
392 3921 478 3978 Rhea.
498 3921 608 3974 XXXV.
628 3923 705 3976 1880.

234 4009 253 4078 ⁹)
274 4011 318 4064 W.
350 4011 465 4066 Scnunz:
504 4009 693 4076 Quaestionum
724 4013 968 4070 Iuvenalianarum
999 4016 1093 4086 capita
1120 4016 1184 4073 tria.

118 4101 213 4156 Berol.
235 4100 311 4154 1885.
