2854 4828
540 462 580 472 ..
605 427 647 490 35
673 463 713 470 -

200 611 237 668 da
260 629 338 669 nunc
362 613 392 668 et
415 611 575 680 volucrem,
600 613 717 686 sceptro
741 629 807 686 quae
831 610 929 686 surgit
951 610 1064 670 eburno

91 769 177 836 Illud
213 774 253 836 da
286 795 344 856 pro
379 773 458 837 adde
491 755 633 856 positum¹
653 795 732 851 esse,
757 775 839 856 quod
863 774 947 857 apud
970 771 1153 838 Iuvenalem

90 897 190 962 multo
225 885 341 981 saepius
376 902 555 982 usurpetur,
591 897 814 982 Bergmueller
848 899 980 962 adnotat
997 899 1031 977 ¹),
1065 899 1152 993 locos

90 1022 259 1086 nonnullos
295 1045 492 1101 enumerans,
527 1023 582 1087 ubi
606 1023 715 1100 verba,
740 1045 810 1106 quae
835 1026 909 1086 sunt
932 1023 1011 1087 adde
1037 1027 1078 1104 et,
1102 1024 1153 1087 vel

90 1146 170 1211 adde
210 1148 304 1231 quod,
344 1147 384 1211 ad
422 1148 597 1211 orationem
634 1147 878 1211 continuandam
913 1170 1009 1212 novos
1043 1171 1153 1213 versus

89 1270 245 1335 inducunt
268 1269 355 1354 (XII.
380 1272 432 1351 49,
457 1270 545 1336 XIV.
572 1273 645 1351 114,
669 1270 741 1336 XV.
758 1272 826 1355 47).
865 1272 1153 1356 Eademviparti·
1214 1297 1217 1304 ·
1283 1359 1284 1364 η

90 1396 170 1475 cula,
197 1418 267 1478 quae
291 1399 339 1459 est
362 1403 529 1480 praeterea,
552 1418 637 1480 soepe
662 1395 840 1460 adhibetur.

198 1519 231 1585 Si
271 1519 430 1586 Iuvenalis
467 1525 568 1586 totam
606 1522 738 1585 satiram
775 1523 808 1585 in
847 1524 1010 1606 separatas
1044 1526 1153 1605 partes

90 1645 231 1709 dividere
266 1646 427 1722 voluisset,
461 1649 494 1709 et
527 1648 612 1710 certe
649 1646 758 1725 voluit,
794 1647 877 1729 quod
912 1669 961 1710 vv.
999 1647 1051 1726 56,
1078 1649 1151 1726 114,
1213 1698 1216 1709 .

91 1771 164 1849 133,
193 1772 265 1849 188,
290 1772 364 1850 289,
390 1772 453 1835 346
477 1770 555 1834 satis
579 1771 758 1841 ostendunt.
783 1771 937 1854 optimam
959 1774 1152 1854 potestatem

89 1892 255 1959 habuisset
290 1895 328 1963 de
363 1895 513 1979 periculis
549 1889 733 1960 divitiarum
766 1895 867 1958 multa
901 1895 1048 1959 monendi
1077 1896 1151 1959 inde

89 2041 158 2083 av.
185 2022 245 2086 23:

238 2169 334 2245 prima
358 2170 418 2228 fere
442 2171 513 2228 vota
536 2171 566 2227 et
590 2170 703 2228 cunctis
727 2168 880 2228 notissima
903 2170 1021 2245 templis

240 2276 351 2334 divitiae

89 2461 150 2521 qua
174 2441 207 2504 in
230 2444 322 2524 parte
346 2441 452 2505 satine
477 2440 515 2504 de
540 2439 694 2524 Longino,
719 2441 757 2504 de
779 2438 910 2520 Seneca,
928 2441 966 2504 de
982 2440 1150 2506 Lateranis

89 2567 120 2628 et
153 2565 263 2628 multis
299 2566 370 2630 aliis
405 2565 498 2648 plura
533 2565 649 2636 addere
685 2568 721 2627 et
739 2565 845 2648 potuit
867 2570 900 2630 et
923 2565 1041 2630 debuit.
1088 2563 1150 2630 Sed

89 2690 229 2754 carmina
264 2690 331 2753 eius
366 2690 444 2754 talia
467 2690 557 2754 nobis
582 2690 768 2774 accipienda
792 2693 874 2769 sunt,
899 2689 1006 2774 qualia
1029 2691 1069 2754 ad
1093 2713 1150 2754 nos
1223 2757 1226 2762 ,

88 2818 312 2895 pervenerunt.
362 2811 431 2878 Iam
465 2814 522 2877 illa
557 2815 596 2878 ad
630 2813 830 2878 Heraclitum
865 2819 897 2877 et
931 2813 1150 2878 Democritum

87 2939 233 3002 transitio
267 2961 329 3002 non
364 2942 439 3022 apta
475 2943 538 3015 est,
576 2939 678 3021 aptior
701 2939 824 3017 fuisset,
848 2938 875 3002 si
898 2938 1018 3002 mentio
1042 2959 1149 3002 eorum

88 3066 160 3126 ante
195 3063 389 3126 mentionem
424 3061 608 3127 divitiarum
642 3061 729 3125 facta
764 3064 857 3142 esset,
886 3064 980 3145 atque
1005 3062 1042 3140 si,
1066 3063 1149 3145 quod

90 3186 239 3266 diximus,
256 3190 352 3270 poeta
367 3188 413 3251 ita
429 3187 467 3250 de
485 3187 614 3264 divitiis,
631 3208 726 3269 quem
742 3187 926 3250 admodum
942 3186 980 3249 de
996 3186 1148 3269 potentia,
1184 3185 1187 3206 ¹

88 3311 123 3374 de
161 3311 342 3395 eloquentia
376 3315 448 3390 cet,
482 3311 587 3375 dicere
610 3311 772 3375 voluisset.
819 3309 890 3374 Hoc
912 3310 1016 3394 magis
1040 3310 1149 3374 obser-

88 3438 223 3500 vandum
248 3437 328 3500 mihi
354 3436 487 3519 ridetur,
511 3457 607 3518 quam
630 3436 713 3518 quod
738 3435 815 3499 dicit
831 3433 1029 3500 Ribbeckius
1043 3434 1070 3517 2)
1087 3435 1149 3499 dif-

88 3561 169 3625 ficile
205 3583 272 3624 esse
308 3562 347 3625 ad
382 3561 643 3646 intellegendum,
678 3560 755 3644 quid
790 3560 852 3624 sibi
875 3559 954 3624 velit
977 3559 1073 3624 illud:
1111 3561 1149 3624 de

87 3687 282 3770 sapientibus
307 3686 387 3750 alter
411 3685 453 3768 (v.
479 3687 533 3762 28)
558 3689 621 3765 aut,
646 3686 728 3768 quod
751 3684 836 3748 infra
857 3676 1001 3767 sequitur
1016 3683 1058 3764 (v.
1076 3686 1148 3766 ab:

87 3811 218 3875 urbibus
252 3810 326 3886 illis,
362 3833 433 3874 cum
468 3809 550 3874 nihil
585 3813 679 3874 antea
714 3810 752 3874 de
780 3807 918 3873 Abderis
942 3813 997 3873 aut
1020 3808 1148 3892 Epheso

195 4022 214 4081 ¹1
234 4024 415 4078 Banonhnnaa
434 4023 451 4076 1.
471 4023 491 4076 1.
509 4041 536 4091 p.
556 4023 598 4076 31.

195 4109 214 4179 ⁹)
235 4113 355 4166 Rmanes
375 4112 392 4166 1.
412 4112 430 4165 1.
450 4129 477 4180 p.
496 4111 539 4165 50.
