2930 4836
735 431 907 519 -'9s-
1030 463 1088 496 w
1204 429 1207 436 ’

290 643 341 717 sit,
377 645 412 704 ut
443 658 537 702 ovum
561 656 619 698 ovo
641 633 775 697 similius
800 626 867 698 esse
891 655 954 697 non
976 632 1085 715 possit.
1132 629 1220 705 Quod
1244 629 1273 693 ei
1298 630 1355 694 vix

293 763 457 834 amantior.
503 758 564 824 Vv.
601 759 731 823 38-70
766 763 860 842 poeta
894 758 940 820 ita
966 756 1119 839 disponit,
1154 759 1190 818 ut
1212 755 1357 838 primum

292 893 329 956 do
365 885 503 972 antiquis
537 884 735 966 temporibus
759 906 808 956 vv.
834 885 964 947 38—59
988 882 1148 965 loquatur,
1172 880 1287 943 deinde
1316 880 1360 942 iis

292 1037 356 1082 saur
392 1010 495 1078 rotatis
530 1009 672 1073 homines
707 1013 848 1092 opponat
881 1030 931 1071 vv.
960 1007 1099 1070 60-70.
1149 1004 1259 1068 Altero
1283 1004 1359 1068 loco

292 1157 353 1212 rvr.
393 1135 543 1202 70-120
567 1103 630 1196 ‘vel
659 1134 765 1216 potius
791 1097 1049 1210 vra—lissam
1075 1151 1128 1194 eos
1152 1133 1276 1192 tantum
1304 1151 1363 1192 re-

292 1261 386 1350 spioit
420 1258 647 1343 Mosengelius)
684 1279 786 1321 sermo
822 1261 870 1320 est
904 1257 942 1320 de
962 1257 1016 1334 ns,
1040 1255 1095 1339 qui
1118 1255 1263 1337 peierant
1288 1253 1360 1336 (vv.

295 1389 333 1456 'lt
373 1387 435 1462 so)
472 1385 573 1467 deque
609 1383 722 1461 censio,
758 1382 871 1464 quibus
896 1381 1042 1444 fraudem
1069 1401 1158 1442 suam
1183 1379 1364 1442 defendere

293 1511 421 1578 student
456 1508 519 1590 (vv.
556 1505 732 1588 86-111),
761 1507 873 1569 deinde
908 1528 958 1569 vv.
986 1507 1158 1569 lla-*119
1184 1505 1364 1578 adduntur,

294 1634 541 1702 exalumationes
577 1632 780 1714 deceptorum
803 1629 967 1694 hominum
991 1629 1197 1693 continentes,
1244 1627 1366 1712 Argu-

293 1763 434 1828 uantum
472 1759 573 1842 igitur
607 1769 669 1820 n'on
703 1757 788 1819 idem
824 1759 871 1820 est
905 1759 1037 1838 utroque
1072 1754 1141 1817 loco
1176 1753 1366 1817 dicendum.

294 1882 524 1968 Musengelius:
548 1881 732 1960 revolvitur,
756 1881 869 1964 inquit,
894 1883 988 1962 poeta
1011 1902 1061 1943 vv.
1080 1877 1236 1952 75-,120'
1250 1878 1290 1940 ad
1310 1899 1365 1956 ea,

293 2031 364 2096 quur
399 2008 462 2070 iam
498 2010 591 2070 antea
625 2005 769 2088 pluribus
803 2005 909 2068 verbis
935 2006 1119 2087 persecutus
1143 2006 1205 2066 est:
1230 2023 1362 2065 omnem

294 2133 486 2222 probitatem
511 2131 675 2195 evanuisse
698 2151 801 2212 neque
825 2151 1015 2213 quemquam
1031 2127 1178 2206 inveniri,
1196 2127 1251 2210 qui
1266 2127 1365 2208 peie-

295 2279 364 2326 rare
401 2256 534 2320 dubitet.
588 2254 659 2334 Sed,
695 2258 848 2338 quantum
883 2274 943 2338 ego
977 2251 1079 2331 video,
1113 2275 1164 2315 vv.
1202 2251 1362 2314 75—119

295 2382 400 2450 ouruia
438 2382 476 2445 ad
512 2401 575 2458 eos,
610 2380 663 2463 qui
699 2379 855 2462 peierant,
891 2379 1081 2456 referuntur,
1106 2398 1200 2460 quarn
1224 2378 1362 2440 obrem

296 2508 400 2574 vlieere
424 2527 486 2568 non
510 2526 685 2587 possumus
710 2506 838 2586 poetam
860 2506 986 2565 tantum
1006 2502 1099 2565 modo
1116 2502 1155 2564 ad
1173 2523 1210 2564 ea
1226 2501 1362 2578 revolvi,

295 2653 365 2720 quae
390 2631 464 2726 iam,
478 2632 572 2692 antea
595 2631 780 2711 persecutus
804 2629 854 2700 sit,
879 2649 952 2690 nam
977 2627 1015 2689 de
1038 2626 1119 2689 falso
1139 2601 1361 2710 iureiurando

296 2779 345 2822 vv.
378 2757 508 2820 38-70
532 2753 659 2818 omnino
682 2751 763 2816 nihil
787 2752 873 2830 dicit,
898 2774 937 2814 ne
962 2751 995 2814 in
1018 2774 1048 2815 v.
1074 2751 1115 2814 60
1139 2751 1278 2834 quidem,
1303 2751 1362 2832 qui

295 2902 375 2946 unus
412 2879 529 2943 adferri
564 2879 678 2960 possit;
715 2881 824 2941 contra
851 2899 880 2939 v.
906 2877 947 2940 36
969 2875 1091 2961 paucio,
1116 2897 1177 2938 non
1201 2875 1361 2957 pluribus,

296 3005 401 3076 verbis
426 3025 479 3066 eos
503 3003 594 3086 quasi
617 2997 802 3084 praeteriens
826 3004 924 3080 notat,
949 3001 1004 3084 qui
1027 3001 1173 3084 peierant
1196 3021 1254 3062 nee
1276 2998 1363 3062 ullos

297 3131 371 3196 deos
407 3150 475 3192 esse
513 3129 717 3192 arbitrantur.
764 3125 862 3190 Redit
896 3127 997 3210 igitur
1031 3125 1169 3208 quodam
1191 3123 1284 3187 modo
1306 3147 1361 3187 vv.

298 3255 449 3318 75-120
486 3253 525 3316 ad
559 3275 627 3315 eam
647 3251 844 3315 'sententiam
867 3250 995 3314 uberius
1020 3252 1052 3312 et
1076 3249 1232 3332 copiosius
1256 3249 1363 3331 expli-

298 3380 442 3456 randam,
467 3400 562 3460 quam
585 3400 615 3442 v.
645 3378 686 3442 36
711 3376 851 3440 breviter
874 3373 1079 3462 significavit,
1102 3375 1243 3437 sednon
1266 3367 1364 3450 redit,

299 3507 334 3566 ut
369 3503 626 3584 disputationem,
659 3501 753 3584 plane
791 3499 923 3562 eandem
947 3520 1013 3562 rem
1038 3499 1223 3580 repetendo,
1246 3519 1364 3580 parum

301 3632 375 3714 apte
398 3627 629 3708 interrumpat„
661 3625 730 3688 Hae
755 3624 969 3707 disputatione
993 3622 1055 3704 (vv.
1075 3622 1242 3703 75-119)
1259 3621 1365 3700 finita,

299 3752 403 3835 inquit
425 3749 651 3834 MosengeliuS,
679 3751 774 3831 poeta
798 3748 837 3811 ad
862 3749 998 3811 alterum
1022 3747 1101 3810 illud
1125 3748 1365 3830 argumentum,

299 3877 382 3962 quod
406 3876 470 3938 iam
495 3895 590 3956 supra
614 3873 656 3952 (v.
683 3873 737 3955 70)
761 3873 875 3936 leviter
898 3871 1017 3956 tetigit,
1035 3871 1117 3935 redit
1133 3872 1226 3934 etita
1243 3871 1364 3954 pergit,

300 4005 335 4068 ut
357 3998 438 4064 nihil
462 3998 677 4061 intermissum
701 4019 768 4060 esse
792 3998 946 4062 videatur.
994 3996 1053 4059 Est
1076 3995 1196 4058 reditus
1220 3995 1369 4078 quidam,

299 4147 361 4190 non
397 4123 526 4203 infitior,
549 4109 652 4206 neque
675 4125 783 4185 tamen
807 4144 877 4205 quae
901 4145 951 4186 vv.
978 4122 1040 4184 120
1066 4141 1133 4203 sqq.
1159 4119 1369 4202 disputantur
