2854 4828
540 409 715 518 -se'-
786 533 788 538 ,

199 629 301 695 Nobis
340 631 375 696 hi
409 653 519 696 versus
555 633 644 713 nulla
678 632 836 698 medicina
872 654 967 716 egere
1002 633 1161 700 videntur.

88 759 218 824 Divites
250 758 388 841 patroni,
420 757 524 841 inquit
547 754 717 834 luvenalis,
741 759 823 822 nihil
847 759 1014 823 conferunt
1036 759 1161 824 miseris
1221 784 1223 795 ¹

87 884 195 967 poetis
219 882 380 967 (exempla
404 884 548 948 avaritiae
572 884 777 948 inveniuntur
800 907 850 949 11.
869 886 910 950 36
927 881 1027 968 sqq.):
1052 889 1161 948 tamen

90 1011 148 1074 hos
182 1012 272 1073 tenet
305 1007 483 1073 insanabile
516 1009 682 1073 cacoethes
713 1011 883 1090 scribendi,
909 1033 1005 1094 quam
1028 1013 1068 1076 ob
1092 1033 1161 1074 rem

88 1135 167 1200 litus
202 1134 304 1200 sterili
339 1140 445 1203 aratro
480 1157 607 1200 versare
642 1157 705 1199 non
741 1135 898 1199 desinunt.
945 1133 1020 1199 Non
1053 1139 1162 1200 tamen

88 1261 219 1325 difficile
244 1263 292 1324 est
314 1261 433 1340 videre,
456 1261 526 1324 haeo
539 1261 681 1324 carmina
697 1261 798 1325 invita
814 1248 965 1341 Minerva
978 1281 1045 1324 esse
1062 1261 1159 1342 facta,
1302 1249 1303 1262 ¹

88 1409 167 1450 nam
190 1386 287 1451 variae
314 1407 398 1450 curae
422 1386 611 1468 impediunt,
634 1408 675 1449 ne
698 1388 801 1469 poetae
825 1389 908 1450 totos
925 1408 958 1448 se
976 1386 1089 1449 studiis
1106 1387 1162 1450 de-

90 1513 179 1576 dant.
229 1511 382 1575 Horatius
397 1501 439 1574 ”et
461 1509 627 1596 Vergilius
651 1511 683 1574 in
707 1511 847 1574 omnium
870 1533 977 1574 rerum
997 1509 1162 1575 abundan-

88 1638 137 1700 tia
159 1637 318 1716 vixerunt,
343 1637 398 1700 sed
422 1636 568 1720 iniquum
591 1638 640 1699 est
655 1657 796 1718 poscere,
813 1639 849 1699 ut
864 1635 1034 1699 Rubrenus
1047 1635 1161 1718 Lappa

85 1760 178 1828 idem
201 1764 343 1845 praestet‚
368 1762 453 1844 quod
475 1764 600 1825 veteres
624 1761 857 1845 tragoediarum
880 1760 1060 1842 scriptores,
1101 1741 1161 1824 Ille

88 1888 198 1952 onmia
233 1909 303 1971 quae
333 1885 432 1951 habet
461 1886 673 1970 oppignerare
698 1885 823 1970 cogitur
848 1921 888 1928 -
912 1888 1033 1968 quare?
1081 1883 1162 1960 Quia

88 2035 187 2077 nemo
211 2013 241 2076 ei
265 2011 413 2075 subvenit

130 2167 137 2180 ⁸
198 2197 258 2237 non
281 2179 371 2236 habet
394 2177 495 2235 infelix
519 2177 669 2247 Numitor,
695 2178 775 2252 quod
798 2177 900 2234 mittat
924 2176 1019 2234 amico

88 2335 242 2398 Lucanus
274 2329 406 2416 'quidem
440 2331 475 2402 in
508 2331 610 2396 hortis
640 2332 705 2394 suis
729 2333 894 2395 contentus
917 2331 1022 2394 iacere
1047 2333 1161 2414 potest,
1251 2317 1253 2327 ’

87 2462 125 2524 at
160 2461 270 2522 contra
293 2456 413 2521 Statius
442 2457 570 2536 esuriet,
593 2457 655 2519 nisi
677 2456 882 2540 pantomimis
906 2455 1086 2538 scurrisque
1110 2455 1159 2518 fa-

92 2584 196 2649 bellas
220 2583 396 2647 elucubrat.

198 2749 280 2807 haud
303 2751 404 2806 tamen
426 2747 558 2806 invideas
582 2746 654 2816 vati,
680 2767 769 2823 quern
791 2748 909 2824 pulpita
932 2749 1070 2823 pascunt.

88 2905 212 2970 Parum
235 2903 321 2966 enim
343 2903 516 2966 iucundum
540 2905 588 2966 est
611 2903 645 2965 in
660 2905 852 2985 potestatem
867 2903 980 2966 talium
996 2901 1161 2966 hominum

93 3029 216 3107 venire,
241 3028 344 3112 qualis
368 3049 396 3091 6.
420 3049 469 3112 gr.
493 3026 584 3090 Paris
607 3026 679 3090 fuit.
715 3026 878 3102 Quondam
895 3031 997 3110 poetae
1013 3028 1163 3110 patronos

87 3154 242 3219 meliores
266 3153 466 3232 invenerunt,
490 3173 574 3216 nunc
597 3174 673 3217 vero

181 3337 247 3413 quis
270 3336 327 3394 tibi
349 3337 504 3407 Maecenas,
530 3337 596 3412 quis
620 3355 699 3394 nuno
722 3335 780 3394 erit
802 3339 855 3394 aut
878 3336 1073 3396 Proculeius?

201 3511 281 3576 Haec
306 3511 354 3573 est
377 3509 492 3574 horum
513 3531 664 3573 versuum
680 3509 765 3592 apud
781 3506 967 3572 iuvenalem
983 3508 1160 3592 dispositis,

88 3658 194 3721 neque
230 3636 301 3719 ipsa
334 3635 455 3718 inepta,
490 3656 592 3718 neque
629 3657 647 3698 a
682 3634 774 3698 solito
809 3634 876 3697 eius
907 3655 993 3697 more
1017 3633 1160 3698 materiae

90 3761 296 3845 disponendae
332 3759 523 3837 abhorrens;
559 3781 616 3822 cur
645 3781 716 3823 eam
738 3760 773 3822 in
797 3759 893 3822 aliam
917 3758 1053 3822 formam
1076 3758 1161 3821 redi-

89 3908 169 3972 gere
204 3908 283 3968 opus
317 3885 381 3949 sit?
426 3882 513 3948 Nam
543 3885 628 3967 quod
657 3885 735 3947 dicit
757 3883 964 3962 Ribbeckius‚
989 3906 1039 3948 11.
1064 3885 1105 3947 90
1131 3886 1163 3945 et

92 4011 136 4076 93
158 4032 218 4093 per
242 4009 319 4074 alios
343 4031 452 4074 versus
478 4008 632 4091 explicari
657 4009 782 4088 debere,
806 4008 867 4072 hoc
891 4011 977 4071 recte
1002 4007 1089 4088 dicit,
1106 4009 1163 4072 sed

88 4133 340 4217 explicationem
374 4133 439 4197 iam
471 4133 641 4198 habuimus
664 4133 699 4196 in
721 4133 761 4196 iis
784 4155 836 4198 11.
861 4131 1002 4210 74-78,
1026 4132 1081 4216 qui
1105 4123 1174 4195 an-'
