2854 4828
703 421 878 484 ..34-

731 603 780 662 cui
802 623 861 662 non
885 605 923 661 sit
946 603 1069 679 publica
1091 622 1177 672 rena,

367 713 420 788 qui
442 713 516 769 nihil
539 711 707 786 expositum
729 711 825 768 soleat
848 711 1003 780 deducere,
1028 729 1081 768 nec
1105 710 1158 785 qni

367 819 518 878 communi
540 818 628 875 feriat
651 836 769 876 carmen
793 818 912 875 triviale
934 828 1065 887 moneta,

261 998 302 1039 ea
324 975 444 1038 mirum
466 932 621 1056 quantum
643 973 678 1035 in
700 971 806 1055 ipsum
829 972 1031 1035 conveniunt.
1077 969 1147 1045 Quo
1170 970 1218 1050 fit,
1241 975 1280 1034 ut
1302 975 1337 1034 et

259 1101 327 1164 rari
349 1100 414 1162 sint
437 1099 693 1163 adversariorum
721 1099 860 1180 impetus
887 1098 921 1160 in
944 1119 983 1160 ea
1005 1101 1048 1174 et,
1073 1097 1130 1195 ubi
1152 1095 1232 1159 facti
1256 1096 1336 1174 1111,

261 1223 358 1288 facile
381 1223 495 1306 repelli
518 1224 652 1308 possint.
698 1222 755 1286 Bis
778 1226 834 1285 aut
855 1227 906 1284 ter
921 1220 1119 1286 Ribbeckius
1134 1219 1245 1298 habet,
1258 1242 1332 1304 quae

262 1350 296 1412 in
330 1349 370 1412 iis
404 1347 627 1430 reprehendat,
662 1369 762 1430 quare
793 1347 973 1409 accedimus
996 1347 1037 1409 ad
1059 1315 1251 1408 verba'eius
1276 1366 1333 1408 ex-

263 1473 412 1557 quisitius
435 1472 615 1535 iudicanda.

371 1594 540 1660 Immixtus
574 1597 689 1660 ceteris
722 1597 877 1675 versibus,
906 1595 947 1659 in'
969 1597 1085 1680 quibus
1108 1592 1271 1659 Iuvenalis
1295 1595 1335 1658 de

263 1723 458 1806 pauperibus
481 1721 583 1804 poetis
607 1721 744 1798 disserit,
766 1720 820 1784 hic
843 1742 968 1804 quoque
991 1721 1154 1784 invenitur
1176 1720 1221 1800 (v.
1246 1719 1301 1797 51)

425 1887 609 1945 consuetudo
631 1887 712 1956 mali,
735 1890 818 1944 tenet
840 1886 1003 1944 insanabile
1026 1887 1137 1945 multos

266 2041 438 2120 Quaeritur,
462 2042 588 2105 cuinam
612 2041 771 2124 originem
793 2040 888 2104 huius
903 2061 1013 2103 versus
1031 2041 1215 2104 debeamus
1254 2039 1338 2104 Rib-

267 2168 400 2232 bcckius
423 2167 491 2229 sine
507 2166 573 2229 ulla
589 2166 785 2230 dubitatione
802 2187 875 2228 eum
890 2166 1035 2248 spurium
1050 2165 1203 2248 appellat,
1221 2187 1334 2230 causas

268 2292 425 2370 adferens,
460 2312 518 2354 cur
551 2290 809 2359 exterminandus
843 2291 898 2367 sit3
933 2289 1078 2372 plerique
1108 2293 1218 2354 tamen
1251 2290 1338 2354 aliud

271 2416 394 2480 faciunt
415 2415 579 2479 iudicium.

376 2539 519 2604 Primum
542 2539 729 2603 confitemur
750 2561 809 2622 per
831 2561 864 2602 se
888 2561 1014 2602 versum
1037 2539 1169 2602 minime
1191 2540 1339 2623 ineptum

271 2687 350 2744 esse,
384 2686 457 2728 cum
480 2665 672 2728 sententiam
694 2664 864 2742 contineat,
888 2686 960 2747 quae
983 2667 1017 2727 et
1038 2686 1115 2727 vera
1137 2665 1180 2726 sit
1204 2666 1237 2728 11
1261 2665 1340 2729 11111

271 2789 357 2873 apud
379 2793 507 2872 poetam
529 2788 649 2871 passim
673 2787 807 2866 eluceat,
830 2791 866 2850 ut
889 2785 980 2852 XHI.
1005 2789 1158 2854 239—40

592 2957 692 3012 tamen
716 2955 754 3012 ad
776 2972 872 3012 mores
895 2957 1005 3012 natura
1027 2954 1156 3012 recurrit

433 3061 597 3130 damnatos,
621 3061 680 3118 11111
703 3064 734 3119 11
756 3061 868 3118 mutari
891 3061 999 3118 nescia.

381 3214 488 3298 Atque
511 3215 538 3278 si
561 3215 743 3298 quaerimuS‚
767 3237 915 3298 quaenam
936 3216 1018 3279 ratio
1033 3214 1119 3280 inter
1133 3215 1254 3278 malmn
1270 3239 1344 3280 am-

274 3340 426 3406 bitiosum
450 3343 482 3404 et
503 3340 683 3404 insanabile
707 3339 875 3404 cacoethes
898 3340 1086 3418 intercedat,
1110 3338 1267 3404 Weidner
1283 3343 1344 3406 ob-

275 3467 391 3544 servat,
424 3465 510 3548 quod
543 3463 629 3529 haud
663 3465 728 3530 scio
763 3487 804 3528 an
835 3486 929 3528 nemo
952 3463 1079 3542 refutet,
1104 3464 1284 3549 legitimam
1310 3469 1344 3529 et
1417 3437 1418 3498 t

276 3611 462 3674 germanam
485 3591 706 3675 gradationem
729 3612 808 3670 esse,
841 3612 904 3673 qua
928 3591 968 3653 ab
991 3589 1048 3652 illa
1070 3589 1148 3653 mali
1171 3592 1345 3654 consuetu-

278 3715 351 3778 dine
374 3717 469 3798 poeta
492 3715 532 3778 ad
555 3715 702 3779 morbum
723 3714 935 3779 insanabilem
958 3714 1135 3797 perveniat.
1416 3705 1418 3750 ⁴

384 3837 475 3913 Quod
498 3839 575 3903 dicit
598 3839 795 3905 Ribbeckius
819 3839 854 3922 (l.
878 3839 899 3902 l.
922 3862 956 3923 p.
982 3837 1069 3924 130),
1086 3837 1257 3903 molestum
1273 3859 1344 3902 esse
1417 3905 1418 3908 ,

278 3961 357 4026 illud
379 3965 477 4044 tenet,
501 3965 599 4044 11111,
622 3964 672 4028 bis
695 3964 845 4047 positum,
868 3963 923 4027 vix
945 3962 1173 4048 intellegimus,
1198 3983 1254 4026 cur
1276 3983 1341 4026 non

278 4086 376 4150 liceat
407 4091 522 4170 poetae,
557 4091 624 4152 arte
660 4091 693 4152 11
727 4087 896 4171 disciplina
924 4086 1087 4152 rhetorum
1115 4087 1247 4167 imbuto,
1271 4107 1346 4150 ora·
1416 4109 1418 4196 p
