2916 4834
734 451 774 460 ..-
800 416 907 479 52..

287 596 309 662 i.
341 619 367 661 e.
402 597 561 659 memento
594 593 684 657 illam
719 615 830 657 cenam
859 595 951 677 quasi
973 595 1153 658 mercedem
1175 595 1350 659 officiorum

288 722 349 786 tibi
371 720 503 804 porrigi.

395 844 555 908 Transitio
572 844 679 929 ⁴igitur
703 845 781 908 bene
805 845 935 907 inventa
959 846 1022 922 est;
1047 845 1159 927 quodsi
1182 844 1351 928 progredi·

289 972 377 1034 entes
408 969 617 1052 quaestionem
640 968 807 1032 instituere
830 970 975 1033 volumus
999 970 1037 1032 de
1062 991 1100 1032 ea
1123 969 1255 1048 ratione,
1280 990 1350 1052 quae

288 1095 372 1158 inter
394 1095 601 1177 posteriorem
623 1057 725 1157 hance
749 1094 874 1178 prologi
897 1098 1021 1177 partem
1046 1098 1140 1177 atque
1156 1095 1259 1177 ipsam
1275 1093 1351 1158 sati·

289 1243 358 1283 ram
387 1219 574 1298 intercedat,
604 1219 666 1282 hoc
688 1240 752 1281 non
775 1240 864 1302 aeque
888 1218 982 1282 facilc
1007 1219 1220 1301 expediemus.
1266 1217 1352 1281 Nam

224 1346 225 1367 ¹
289 1345 323 1408 in
345 1345 395 1422 iis,
420 1365 490 1427 quae
514 1343 599 1406 infra
620 1343 768 1428 legimus
793 1344 869 1426 quid
892 1343 1062 1428 respondet
1084 1344 1124 1406 iis
1147 1343 1263 1423 verbis
1281 1365 1351 1426 quae

289 1493 319 1534 v.
346 1470 385 1532 12
409 1469 574 1553 leguntur:

501 1634 597 1710 primo
620 1633 676 1710 fige
699 1634 774 1704 loco,
800 1633 880 1708 quod
903 1636 938 1692 tu
962 1637 1017 1692 cet.

290 1804 324 1871 Si
358 1828 466 1870 scurra
501 1805 604 1888 primo
636 1805 707 1870 loco
743 1806 941 1869 considerare
977 1806 1080 1884 debet,
1117 1828 1228 1869 cenam
1262 1807 1352 1889 quasi

289 1931 469 1994 mercedem
493 1951 570 2008 esse,
595 1930 671 2013 quid
695 1930 807 1993 deinde
830 1930 1063 1994 considerabit?
1097 1928 1259 1997 Nimirum
1274 1953 1352 2014 qua-

289 2056 329 2120 lis
362 2077 440 2122 cena
471 2055 542 2137 ipsa
565 2054 607 2117 sit
629 2054 671 2136 (v.
697 2053 763 2137 24).
809 2054 856 2117 At
877 2054 937 2119 hoc
961 2055 1138 2118 manifestis
1161 2055 1267 2119 verbis
1291 2077 1353 2119 non

291 2180 417 2244 dicitur.
463 2178 584 2242 Tamen
618 2179 665 2242 ita
699 2182 761 2256 est;
797 2201 898 2263 neque
935 2180 1019 2244 enim
1049 2179 1150 2243 ullum
1180 2181 1353 2266 vestigium

284 2303 477 2381 ,invenimus
502 2304 585 2386 quod
607 2325 663 2367 nos
688 2304 783 2367 ducat
806 2304 846 2367 ad
870 2304 955 2368 aliud
978 2304 1162 2388 quidquam,
1183 2306 1266 2387 quod
1281 2327 1353 2369 ver·

292 2428 341 2492 sui
366 2429 407 2491 12
431 2426 545 2491 melius
569 2419 755 2511 opponatur.
802 2426 836 2491 Si
858 2450 999 2493 verores
1015 2429 1060 2492 ita
1076 2429 1233 2508 sehabet,
1250 2451 1353 2492 nonne

291 2552 476 2631 erravimus,
511 2574 583 2615 cum
611 2574 662 2616 vv.
688 2553 818 2618 12-23
841 2554 933 2636 quasi
955 2553 1122 2638 prologum
1146 2555 1282 2617 alterum
1306 2554 1353 2617 ef-

289 2677 385 2740 ficere
421 2676 617 2740 diceremus?
663 2673 709 2740 Ut
742 2698 825 2741 nunc
856 2679 913 2756 est,
941 2700 1004 2741 non
1026 2679 1177 2763 prologus
1201 2679 1257 2742 sed
1279 2701 1353 2761 pars

290 2801 469 2865 necessaria
491 2800 591 2882 ipsius
615 2801 721 2864 satirae
746 2823 813 2865 esse
837 2801 872 2865 hi
894 2823 1003 2865 versus
1019 2803 1177 2868 videntur.
1216 2802 1268 2866 Ad
1284 2799 1354 2882 haec

290 2925 527 3009 respondemus,
558 2947 621 2989 non
648 2926 820 2990 verisimile
845 2948 923 3004 csse,
947 2930 1074 3010 poetam
1097 2928 1143 2990 ita
1166 2929 1297 2992 satiram
1322 2929 1355 2992 in

291 3051 370 3114 duas
393 3052 501 3132 partes
526 3049 679 3128 divisisse,
703 3055 739 3114 ut
754 3051 841 3133 prior
857 3054 982 3114 tantum
997 3074 1047 3116 vr.
1066 3053 1195 3116 12-23
1212 3052 1355 3135 (causam

291 3172 441 3256 convivii)
476 3174 577 3237 altera
612 3196 720 3238 omnes
755 3179 875 3238 ceteros
911 3176 1063 3240 24-155
1098 3176 1214 3259 (ipsam
1243 3199 1355 3241 cenam

290 3319 390 3380 usque
416 3297 456 3360 ad
480 3296 655 3382 epilogum)
680 3299 867 3363 contineret.
914 3298 1017 3374 Quare
1041 3321 1215 3379 censemus,
1238 3325 1289 3364 vv.
1313 3290 1364 3365 12

233 3421 236 3428 “
293 3423 379 3486 -23
403 3421 494 3504 quasi
519 3421 652 3484 alteram
675 3426 801 3505 partem
822 3423 949 3508 prologi
973 3445 1040 3486 esse
1056 3424 1246 3506 praemissOS,
1264 3428 1354 3489 ante·

290 3567 387 3628 quam
410 3548 504 3627 pocta
528 3545 659 3608 adrem
681 3547 877 3630 propositam
899 3546 943 3628 (v.
968 3545 1023 3630 24)
1046 3548 1179 3612 veniret.

399 3666 554 3743 Quoniam
588 3671 688 3734 oratio
723 3673 757 3734 in
790 3672 1010 3736 transitionem
1044 3673 1083 3735 ad
1115 3695 1145 3737 v.
1171 3675 1212 3736 24
1235 3674 1355 3737 factam

291 3792 414 3872 incidit,
449 3815 512 3856 non
548 3793 687 3857 alienum
720 3795 846 3859 videtur
876 3818 947 3860 eam
977 3818 1049 3860 cum
1073 3796 1135 3860 alia
1159 3819 1354 3886 comparare,

292 3938 388 4000 quam
411 3915 476 3980 iam
499 3919 592 3980 antea
615 3916 794 3982 habuimus.
840 3917 878 3983 ln
903 3923 961 3984 sat.
986 3917 1029 3985 H.
1052 3921 1172 4005 legitur
1195 3920 1237 4002 (v.
1263 3920 1311 4004 4):

408 4091 414 4106 ⁴
505 4081 616 4142 indocti
639 4083 778 4159 primum,
803 4105 985 4161 quamquam
1009 4089 1065 4144 cet.
