2854 4828
732 455 961 527 ,0-Ι

275 653 346 694 cnm
371 631 481 694 eodem
506 630 629 695 Cretico
653 633 686 694 et
710 631 777 694 eius
800 631 940 694 moribus
964 632 1100 713 quodam
1123 631 1228 695 modo
1252 631 1360 696 00110-

276 758 356 820 reat.
402 752 494 818 VIII.
533 756 595 820 135
630 777 699 840 sqq.
724 755 747 820 ii
776 757 1008 838 vituperantur,
1031 756 1085 839 qui
1110 755 1145 819 in
1170 757 1359 838 provinciis

275 881 534 944 administrandis
558 881 657 944 nimia
681 881 851 944 severitate
875 883 1015 955 utantur,
1040 881 1104 942 sed·
1119 881 1202 943 ordo
1219 885 1358 945 senten·
1410 865 1411 878 ¹

159 1047 161 1056 ι
273 1005 391 1069 tierum
425 1005 589 1069 institutus
625 1005 880 1088 interrumpitur,
915 1005 943 1068 si
978 1005 1070 1069 modo
1105 1013 1155 1068 est
1192 1006 1285 1070 illud
1310 1008 1355 1070 ita

276 1130 510 1213 appellandum,
536 1129 651 1193 additis
675 1152 725 1194 vv.
754 1130 935 1206 lto-141,
961 1133 1031 1212 post
1055 1151 1133 1212 qnos
1157 1133 1263 1212 poeta
1283 1153 1354 1195 eos-

276 1255 347 1320 dem
372 1276 449 1338 quos
474 1258 567 1318 antea
591 1253 824 1336 reprehendere
848 1253 966 1337 pergit.
1005 1253 1106 1329 Quam
1128 1254 1263 1318 obrem
1281 1278 1356 1318 curn

275 1379 369 1442 huius
404 1380 487 1442 modi
523 1379 769 1442 exclamationes
804 1379 889 1460 apud
924 1399 997 1442 eum
1032 1399 1094 1442 non
1117 1364 1235 1460 parum
1264 1403 1354 1462 saepe

275 1504 487 1579 inveniantur,
523 1526 585 1567 non
620 1503 724 1584 video,
760 1508 816 1566 c'ur
851 1503 911 1566 hoc
938 1503 1007 1567 loco
1031 1526 1080 1566 vv.
1105 1504 1239 1567 ‹ts—49
1270 1505 1353 1568 adeo

275 1629 400 1692 molesti
424 1629 549 1691 dicendi
577 1629 651 1692 sint.
686 1624 755 1692 Iam
783 1625 1026 1704 Heinrichius¹)
1043 1627 1093 1690 his
1110 1628 1218 1691 verbis
1236 1651 1353 1693 exem·

100 1747 103 1752 ’
161 1834 163 1840 Ι
276 1754 364 1838 plum
389 1754 568 1838 argumenti
594 1777 612 1816 a
635 1754 747 1816 maiori
772 1754 811 1816 ad
834 1753 949 1829 minua,
974 1753 1055 1835 quod
1076 1753 1176 1826 aiunt,
1195 1753 1352 1818 adhiberi

211 1922 213 1926 -
276 1880 480 1943 demonstrat.
528 1877 677 1942 Ceterum
709 1877 735 1940 si
758 1899 867 1941 versus
891 1878 1079 1956 retinentur,
1104 1877 1206 1940 multo
1231 1879 1351 1942 melius

275 2005 308 2067 in
344 2004 449 2067 oculos
472 2003 617 2081 incurrit,
642 2001 718 2085 quid
741 2003 825 2065 inter
849 2002 979 2064 divitem
1003 2005 1182 2085 patronum,
1208 2025 1350 2066 munera

276 2149 340 2192 000
365 2129 493 2192 dentem
516 2128 570 2192 sed
596 2131 843 2210 exspectantem,
863 2130 895 2190 et
910 2127 1061 2192 miserum
1078 2125 1227 2190 clientem
1244 2127 1351 2191 inter-

276 2252 334 2329 sit;
358 2275 432 2318 narn
455 2276 505 2318 vv.
531 2255 572 2317 50
596 2275 665 2335 sqq.
691 2253 848 2336 originem
873 2274 911 2314 ex
935 2251 991 2314 illa
1010 2252 1163 2316 donorum
1179 2253 1348 2316 mentione

276 2376 414 2456 trahere,
438 2365 506 2442 ieri
529 2378 631 2441 simile
657 2381 714 2440 est.

383 2501 444 2566 sed
467 2525 530 2566 non
552 2503 645 2566 modo
668 2502 866 2566 0048-19
884 2523 993 2566 verum
1009 2503 1077 2564 tota
1093 2499 1149 2563 illa
1165 2522 1252 2582 para,
1272 2525 1346 2585 quae

277 2651 316 2692 ex
341 2629 482 2692 versibus
506 2629 636 2692 46—53
661 2629 795 2705 constat,
820 2627 1003 2709 scrupulum
1025 2626 1102 2690 viris
1122 2625 1223 2690 doctis
1240 2627 1346 2694 inicit.

277 2774 358 2830 cum,
383 2753 459 2835 qnid
482 2752 618 2836 singulis
641 2752 844 2817 tribuendum
870 2751 921 2828 sit,
946 2750 1037 2814 valde
1061 2750 1145 2814 inter
1168 2771 1201 2814 se
1219 2751 1345 2816 dissen-

275 2878 367 2942 tient.
414 2876 615 2959 Rupertinm,
640 2880 767 2940 etcum
791 2897 828 2938 00
853 2875 1076 2952 Heineckium,
1101 2875 1266 2959 dialogum
1293 2877 1345 2940 hic

277 3002 378 3066 latere
402 3002 567 3084 suspicari,
592 3002 655 3064 iam
679 3000 937 3082 supradiximus.
974 2996 1063 3064 Idem
1079 2999 1243 3082 Bogenius
1259 3001 1345 3064 iudi-

276 3130 337 3205 cat,
372 3127 427 3210 qui
462 3125 500 3190 de
536 3125 594 3190 hoc
628 3125 697 3188 loco
727 3125 852 3208 copiose
877 3125 1019 3206 disputat
1041 3124 1076 3187 in
1097 3123 1207 3188 libello
1231 3147 1291 3189 suo
1308 3127 1345 3207 ²).

276 3250 366 3325 Quod
394 3252 433 3314 ad
456 3273 605 3316 versuum
629 3249 868 3332 dispositionem
893 3248 1017 3326 attinet,
1041 3271 1091 3313 vv.
1115 3249 1246 3312 27-47
1264 3248 1345 3314 Nae-

275 3376 346 3440 volo
370 3377 492 3454 tribuit,
517 3379 584 3438 tum
601 3378 729 3457 poetam
745 3374 921 3439 orationem
937 3373 1143 3455 interpellare
1161 3378 1271 3436 censet
1287 3375 1347 3438 illa

201 3521 204 3530 ·
277 3500 515 3570 exclamatione.
552 3521 622 3582 quae
658 3521 709 3564 vv.
732 3499 863 3562 48-49
886 3497 1022 3583 legitur3
1058 3497 1198 3580 reliquos
1222 3521 1274 3562 vr.
1302 3503 1344 3564 50

276 3647 344 3708 sqq.
371 3622 513 3714 'Neevolo
548 3624 613 3689 dat.
660 3621 809 3697 Quamvis
837 3622 929 3691 istem
954 3621 1143 3686 sententiam
1166 3643 1232 3689 non
1256 3623 1346 3686 solus

387 3871 405 3942 ¹)
427 3873 454 3926 O.
488 3873 515 3926 ll.
548 3873 696 3926 Hammon:
733 3869 873 3924 Iuvenalis
904 3869 998 3924 satira
1030 3887 1092 3926 curn
1123 3871 1344 3932 commentariis.

276 3963 379 4016 Bonnae
399 3961 475 4026 1839,
495 3961 549 4015 vol.
568 3961 595 4014 11
612 3980 639 4031 p.
660 3961 720 4013 360.

385 4049 405 4116 'J
425 4051 470 4103 W.
491 4051 596 4103 Bonan:
626 4050 666 4103 De
685 4048 754 4102 locis
773 4048 883 4116 aliquot
901 4046 1041 4102 Iuvenalis
1055 4046 1228 4116 explicandis
1241 4049 1344 4102 scholi-

276 4158 353 4195 ornm
372 4139 481 4194 ratione
500 4157 572 4209 saepe
590 4139 698 4194 habita.
736 4139 839 4192 Bonnae
860 4138 927 4192 1849
946 4155 992 4206 00.
1013 4138 1109 4190 1-6..
