2854 4828
527 441 724 518 -109-

80 614 254 680 Postremo
277 617 451 698 imperator
480 608 548 700 ipse
572 619 717 702 procedit
741 641 813 684 cum
836 625 986 704 syrmate,
1010 644 1157 705 persona,
1190 654 1195 662 ·

83 740 215 805 cithara
226 764 233 806 ε

199 946 245 985 res
269 928 350 986 haud
373 927 448 986 mira
472 931 572 986 tamen
596 928 759 988 citharoedo
783 930 914 1006 principe
937 931 1044 990 mimus

197 1034 314 1092 nobilis.
562 1035 567 1041 ’

198 1223 278 1306 (lum
313 1243 348 1306 in
371 1246 430 1308 sat.
455 1241 498 1307 II.
523 1245 734 1308 examinanda
756 1267 966 1324 versaremur,
990 1246 1036 1311 ibi
1061 1248 1162 1311 adno-

85 1366 238 1447 tavimus
262 1371 335 1451 post
369 1391 400 1432 r.
431 1369 493 1432 142
518 1391 574 1432 sex
597 1391 706 1434 versus
731 1371 814 1450 addi,
839 1393 916 1454 quos
941 1394 958 1435 e
981 1375 1049 1436 sat·
1065 1370 1158 1437 VIII.

86 1493 125 1556 in
148 1493 320 1556 secundam
342 1493 455 1557 furtim
478 1495 643 1577 irrepsisse
668 1496 920 1578 suspicabamur.
960 1494 1035 1560 Sine
1060 1498 1156 1561 dubio

87 1639 142 1680 res
165 1616 212 1680 ita
235 1640 268 1680 se
292 1617 400 1683 habet.
447 1619 593 1682 Eandem
616 1641 684 1683 rem
708 1621 818 1684 eodem
840 1620 908 1684 fere
929 1622 1021 1685 modo
1037 1623 1158 1686 duobus

86 1741 169 1805 locis
204 1743 330 1825 exponi,
366 1745 431 1807 iam
465 1746 563 1811 habet
588 1746 829 1814 dubitationem.
876 1745 998 1810 Montio
1022 1745 1159 1810 Gracchi

89 1849 215 1933 retiarii
249 1893 380 1935 munere
416 1871 580 1958 fungentis
615 1875 716 1938 multo
749 1874 946 1957 probabilior
970 1872 1074 1936 estin
1098 1876 1157 1936 sat.

88 1991 195 2074 VIII,
220 1997 274 2060 ubi
300 1997 337 2060 de
362 1997 448 2061 vitiis
472 1998 627 2062 nobilium
649 1998 814 2063 hominum
835 1999 960 2084 agitur;
986 1997 1158 2077 Gracchus

93 2121 151 2203 qui
176 2122 295 2202 nudum
318 2123 442 2185 vultum
465 2124 698 2206 spectatoribus
722 2125 919 2202 ostendebat,
940 2123 1040 2187 multo
1056 2123 1161 2206 aptius

87 2245 158 2308 illio
192 2246 343 2309 inseritur
377 2251 449 2330 post
483 2245 725 2331 Damasippum,
764 2239 821 2331 qui
854 2269 991 2330 persona
1029 2247 1158 2326 indutus

89 2370 220 2454 agebat,
257 2374 289 2434 et
319 2371 523 2449 Lateranum,
553 2371 607 2454 qui
632 2366 875 2436 exercitationes
899 2393 971 2436 suas
996 2375 1159 2455 equestres

88 2495 193 2558 noctis
227 2496 368 2559 tenebris
403 2496 592 2575 occultabat,
629 2519 725 2581 quam
758 2496 793 2559 in
821 2496 953 2560 satiram
976 2497 1157 2576 secundam,

88 2620 148 2684 ubi
171 2621 291 2684 mentio
315 2621 382 2684 eius
405 2625 477 2705 post
499 2622 628 2705 nuptias
652 2621 793 2685 virorum
816 2622 920 2684 aliena
937 2643 1004 2685 esse
1021 2621 1148 2685 videtur

200 2743 397 2811 Ribbeckius
422 2745 456 2830 (l.
480 2748 502 2812 1.
526 2770 557 2831 p.
584 2746 661 2828 104)
687 2746 823 2810 dilucide
849 2747 1054 2824 demonstrat,
1079 2768 1157 2829 quo-

88 2870 185 2934 modo
221 2871 340 2955 singuli
373 2893 483 2934 versus
519 2871 671 2934 143—48
706 2871 813 2934 satirae
849 2870 994 2934 secundae
1024 2869 1158 2954 singulis

88 2995 237 3060 versibus
262 2996 325 3059 200
350 3017 418 3079 sqq.
443 2995 548 3059 satirae
573 2998 692 3059 octavae
716 2995 940 3078 respondeant.
979 2993 1079 3058 Recte
1102 2994 1159 3057 ille

90 3120 239 3202 quidem3
276 3121 331 3184 sed
363 3141 435 3182 cum
458 3120 538 3184 dicit
559 3117 602 3184 11.
629 3120 691 3182 143
716 3141 784 3203 sqq.
809 3141 942 3203 pravam
966 3122 998 3182 et
1020 3118 1161 3181 ieiunam

90 3244 305 3308 imitationem
329 3267 438 3308 eorum
460 3266 609 3308 versuum
633 3265 711 3323 esse,
741 3265 820 3326 quos
844 3245 878 3306 in
901 3246 961 3307 sat.
985 3239 1077 3306 VIII.
1102 3242 1160 3305 ha-

90 3371 215 3448 bemus
250 3369 356 3432 nescio
391 3392 432 3432 an
465 3368 558 3432 nimis
594 3390 721 3433 severus
756 3367 807 3432 sit.
853 3365 967 3450 Neque
992 3367 1078 3430 enim
1100 3365 1160 3430 hoc

91 3494 281 3559 concludere
305 3516 470 3577 possumus
495 3517 534 3557 ex
559 3515 596 3557 ea
620 3493 866 3580 comparatione,
891 3514 988 3576 quam
1003 3489 1160 3556 inter'hos

91 3641 203 3684 versus
226 3619 383 3695 instituit;
408 3641 459 3682 vv.
484 3618 725 3683 143-—481de0
742 3618 948 3696 secernimus
962 3618 1045 3701 quod
1057 3617 1161 3681 locum

91 3745 177 3809 male
202 3727 385 3836 defendunt,
419 3767 481 3808 non
505 3744 588 3827 quod
611 3743 783 3806 deteriores
808 3745 863 3805 aut
885 3742 969 3806 male
994 3741 1161 3825 compositi

90 3870 185 3934 nobis
208 3870 388 3934 videantur.

201 3993 262 4058 His
279 3995 433 4077 exemplis
450 3993 655 4057 scelestorum
670 3992 834 4057 hominum
850 3993 967 4070 allatis,
981 3991 1036 4074 qui
1048 4013 1160 4074 quam-

90 4142 191 4204 quam
225 4120 352 4206 generis
386 4119 553 4183 nobilitate
585 4117 761 4201 aequalibus
790 4118 885 4202 longe
915 4115 1160 4194 antecellebant,
