2916 4834
658 379 889 472 '-2e-

359 611 426 668 quae
449 611 527 650 nunc
551 592 692 651 divitibus
715 611 787 668 gens
811 592 1013 668 acceptissime
1037 592 1145 652 nostris
1169 595 1224 650 cet.

271 711 304 774 in
328 714 387 776 sat.
411 708 485 776 VII.
509 711 704 794 perborum
727 711 903 776 simillimos
928 710 971 792 (v.
996 712 1052 794 36)

611 842 708 917 accipe
731 861 810 900 nunc
834 844 912 900 artes
936 845 991 900 cet.

377 959 459 1023 Tum
481 960 515 1022 in
538 963 673 1046 utraque
696 961 793 1024 satira
817 962 1014 1024 enumeratio
1030 961 1174 1044 sequitur
1189 961 1333 1045 singulo-

271 1107 342 1148 rum
364 1085 634 1178 incommodorum
658 1090 690 1149 11
712 1086 759 1149 ita
781 1086 920 1170 quidem,
944 1089 979 1149 ut
1001 1086 1035 1149 in
1058 1086 1097 1150 iis
1122 1086 1332 1170 depingendis

213 1279 216 1284 ,
270 1213 364 1292 poeta
387 1232 451 1274 non
472 1214 584 1292 parcat
607 1211 774 1275 coloribus.
836 1230 837 1238 ¹
1022 1189 1027 1198 ’

376 1331 535 1399 Iuvenalis
560 1356 631 1399 cum
653 1357 704 1400 11.
738 1336 889 1398 58—125
914 1302 952 1398 dc
976 1334 1129 1399 Graeculis
1152 1335 1264 1399 invisis
1286 1335 1332 1398 lo-

236 1484 238 1492 ’
270 1459 387 1541 quitur,
411 1460 481 1524 odio
506 1463 538 1523 ct
560 1461 609 1523 ira
633 1461 711 1536 adeo
734 1464 967 1539 commovetur„
984 1464 1019 1523 ut
1042 1461 1218 1524 orationem
1241 1459 1331 1542 quasi

166 1644 169 1656 ,
270 1603 333 1648 uno
366 1589 476 1648 tenore
511 1585 695 1649 continuare
726 1608 788 1650 non
814 1586 924 1668 possit.
970 1582 1010 1649 In
1031 1585 1093 1649 hac
1117 1585 1217 1670 igitur
1240 1586 1331 1668 parte

272 1709 380 1786 satirae
413 1711 516 1774 tertiae
551 1733 615 1774 non
648 1711 752 1774 minus
787 1732 882 1792 quam
912 1709 946 1772 in
977 1713 1036 1774 sat.
1064 1706 1102 1788 I.‚
1131 1710 1260 1774 crebras
1284 1709 1332 1771 in·

270 1835 502 1918 terrogationes
538 1835 846 1918 exclamationesque
877 1835 1066 1913 invenimus,
1090 1856 1168 1917 quas
1196 1834 1237 1897 ad
1263 1854 1336 1897 ora·

270 1958 390 2022 tionem
424 1961 598 2024 emendam
631 1981 826 2044 magnopere
861 1959 967 2022 valere
1001 1959 1073 2042 plus
1108 1958 1207 2022 semel
1237 1979 1334 2040 supra

271 2084 475 2148 ostendimus,
520 2083 580 2148 His
615 2085 767 2148 orationis
802 2085 912 2168 figuris
935 2088 1030 2167 poeta
1052 2083 1199 2167 inprimis
1223 2082 1334 2159 utitur,

167 2265 169 2278 .
250 2229 343 2295 ,oum
377 2208 410 2270 in
439 2208 517 2273 11111
541 2210 711 2293 aequalium
733 2210 876 2273 invectus
901 2213 958 2287 est,
982 2209 1097 2292 quibus
1120 2208 1255 2292 pristina
1277 2207 1338 2270 1111

270 2331 416 2397 Romana
454 2334 555 2398 virtus
599 2338 631 2398 et
672 2335 859 2418 simplicitas
894 2338 1107 2419 opponuntur,
1144 2355 1222 2416 quas
1257 2337 1333 2396 tunc

271 2429 414 2523 revocari
448 2481 512 2522 non
545 2481 648 2542 posse,
678 2459 791 2522 melius
815 2481 911 2542 quam
934 2459 1032 2523 ceteri
1055 2459 1184 2522 illorum
1206 2461 1334 2540 tempo-

271 2605 342 2646 rum
375 2583 545 2666 scriptores
580 2585 707 2649 sensit.⁴
734 2581 846 2668 Itaque
882 2605 949 2647 sese
982 2607 1011 2647 1.
1038 2583 1078 2646 67
1104 2584 1144 2646 ed
1167 2581 1336 2657 Quirinum

272 2709 437 2788 convertit,
472 2731 521 2773 vv.
559 2710 688 2772 84—85
721 2731 838 2793 magno
862 2709 1063 2772 cumdolore
1087 2687 1334 2771 caeliAventini

273 2836 305 2896 11
328 2832 524 2916 frugalitatis
541 2855 658 2897 mensae
674 2834 829 2898 meminit.
865 2830 993 2913 (1111.
1011 2833 1151 2907 72-74,
1170 2831 1334 2910 lae-28,

273 2959 423 3022 153-55
449 2958 503 3040 al.)

378 3081 458 3146 Sunt
480 3083 514 3146 in
536 3082 597 3146 hac
620 3085 712 3166 parte
735 3083 852 3161 satirae,
877 3083 915 3146 de
940 3105 1002 3167 qua
1024 3103 1108 3145 nunc
1125 3081 1258 3164 quaestio
1273 3083 1336 3159 est,

271 3228 342 3290 quae
378 3207 550 3271 editoribus
585 3209 664 3271 dura
699 3211 793 3292 atque
827 3207 898 3271 ideo
929 3207 1124 3271 excludenda
1154 3206 1334 3270 videantur.

272 3328 361 3395 Inter
384 3354 455 3415 quae
479 3355 509 3397 1.
535 3332 598 3397 104
622 3333 772 3397 occurrit:

338 3482 397 3522 non
420 3482 522 3521 sumus
546 3483 617 3539 ergo
640 3483 736 3538 pares:
761 3463 865 3531 melior
888 3463 940 3540 qui
962 3481 1077 3537 semper
1101 3465 1131 3520 et
1154 3461 1233 3519 omni

271 3582 468 3647 Ribbeckius
492 3580 571 3664 (1.1.
594 3605 626 3666 p.
652 3581 730 3665 119)
753 3583 896 3665 spurium
910 3603 1037 3645 versum
1054 3581 1237 3660 arbitratur,
1250 3579 1336 3663 quod

271 3709 339 3772 sine
374 3730 469 3772 causa
503 3709 618 3772 ceteris
651 3708 795 3773 versibus
826 3707 996 3790 immixtus⁴
1018 3706 1153 3770 orationi
1177 3705 1332 3769 continuae

272 3834 458 3918 gravissime
482 3834 588 3899 laedat.
635 3831 724 3908 Quod
747 3834 781 3896 in
804 3833 948 3897 omnibus
973 3831 1132 3896 codicibus
1155 3829 1208 3893 hic
1223 3851 1334 3894 versus

271 3959 400 4044 legitur,
423 3960 548 4036 omitto;
572 3981 674 4042 neque
699 3959 784 4022 enim
806 3957 866 4023 hoc
888 3979 947 4040 per
969 3979 1002 4020 se
1026 3957 1103 4020 satis
1127 3960 1175 4020 est
1199 3956 1239 4018 ad
1261 3977 1335 4019 ver·

272 4106 342 4148 sum
364 4084 539 4169 quemlibet
562 4084 805 4148 defendendum.
852 4083 921 4147 Hoc
949 4083 1050 4167 igitur
1071 4082 1139 4146 loco
1162 4081 1335 4145 videndum
