2930 4836
596 429 769 492 ..79-

143 607 334 670 intercedat.
370 603 407 670 In
427 607 490 670 fine
507 606 614 670 satirae
630 610 726 688 poeta
742 595 973 688 turpitudinem
989 629 1097 670 eorum
1115 606 1210 669 casti·
1266 675 1268 684 ,

144 734 214 816 gat,
250 732 305 814 qui
340 735 480 814 quaestus
516 751 620 805 causa,
649 731 738 794 nulla
762 731 903 795 amicitia
927 732 1023 810 ducti,
1048 753 1081 795 se
1105 729 1210 795 studio

144 860 178 920 et
214 859 320 920 amore
356 879 434 940 erga
469 857 583 920 divites
618 843 761 936 homines
789 857 932 920 incensos
957 879 1035 936 esse,
1060 856 1210 920 simulare

144 982 259 1045 solent.
727 957 730 970 Ι

254 1105 333 1170 Haec
372 1107 411 1168 ad
450 1107 568 1170 bouum
608 1127 735 1169 carmen
770 1107 1020 1190 componendum
1056 1098 1209 1184 sufficere,

144 1231 218 1317 quis
253 1253 316 1295 non
340 1231 447 1295 uidet?
493 1231 615 1295 Tamen
638 1230 737 1322 satira
760 1231 946 1295 duodecima
970 1236 1002 1294 et
1026 1254 1139 1314 aspera
1163 1235 1211 1294 est

145 1361 178 1419 et
214 1357 310 1439 plena
345 1357 565 1420 difficultatum
594 1377 652 1420 nec
676 1379 747 1420 raro
770 1357 803 1420 in
827 1357 952 1420 salebra
974 1355 1076 1420 haeret
1099 1333 1209 1428 oratio,

144 1485 181 1544 ut
217 1503 301 1564 saepe
337 1482 524 1559 nesciamus
560 1503 622 1564 quo
657 1482 750 1545 modo
785 1503 839 1544 uos
868 1482 1210 1565 expedire-possimus,

144 1605 269 1690 Magna
293 1608 340 1668 est
359 1607 443 1670 inter
458 1607 541 1670 viros
559 1607 664 1670 doctos
682 1605 834 1670 dissensio
851 1607 888 1669 de
906 1607 1087 1690 argumenti
1104 1607 1211 1688 dispo-

144 1731 245 1795 nendi
268 1732 401 1808 ratione,
425 1753 528 1814 neque
553 1731 636 1794 iusta
660 1753 755 1795 cerusa
771 1731 865 1794 huius
882 1731 1084 1800 dissensionis
1102 1732 1210 1794 deesse
1260 1723 1267 1740 ⁴

144 1856 284 1920 videtur.

255 1978 288 2043 Si
327 1982 507 2064 quaerimus,
547 1981 623 2064 quid
661 1981 723 2044 sibi
761 1981 961 2072 proposuerit
995 1984 1099 2062 po'eta,
1138 2001 1209 2043 cum

145 2104 281 2168 satiram
305 2105 524 2169 duodecimam
547 2105 711 2209 scriberet,
736 2105 940 2187 manifestum
964 2109 1021 2183 est,
1044 2106 1121 2168 duas
1138 2127 1210 2168 eum

144 2251 199 2292 res
230 2230 324 2292 simul
348 2231 474 2314 assequi
498 2230 643 2308 voluisse,
668 2253 762 2294 unam
787 2235 822 2292 ut
845 2229 998 2313 gaudium
1021 2231 1060 2293 ob
1085 2230 1211 2293 felicem

146 2355 288 2422 reditum
323 2356 416 2419 amici
444 2355 680 2431 testificaretur,
705 2355 838 2418 alteram
862 2357 897 2417 ut
920 2355 1110 2430 ostenderet,
1134 2355 1211 2436 quid

145 2483 233 2545 inter
268 2481 345 2544 illud
381 2480 534 2564 gaudium
569 2479 728 2543 sincerum
763 2482 795 2542 et
829 2480 1010 2542 simulatum
1039 2479 1070 2542 in
1096 2479 1211 2543 divites

146 2606 293 2670 homines
328 2606 465 2668 studium
502 2608 700 2686 captatorum
730 2605 907 2667 interesset.
955 2603 1211 2677 Quamobrem

147 2753 220 2794 oum
257 2753 320 2793 una
355 2752 427 2794 cum
462 2723 563 2792 altera
598 2732 666 2792 arte
703 2729 871 2792 coniuncta
906 2729 958 2806 sit,
994 2733 1080 2792 recte
1104 2734 1212 2792 monet

146 2854 408 2936 Heinrichius1),
443 2853 495 2917 hio
530 2876 594 2916 non
629 2852 746 2935 duplex
781 2874 849 2915 esse
881 2856 1120 2936 argumentum
1155 2854 1210 2916 sed

146 3003 219 3044 cum
250 2979 338 3042 addit
361 2979 456 3056 idem,
480 3000 543 3040 non
567 2978 719 3060 scriptam
743 2999 810 3040 esse
835 2978 967 3040 satiram
990 2978 1023 3039 iu
1048 2977 1154 3048 avidos
1179 2983 1211 3040 et

146 3125 281 3186 rapaces
308 3103 451 3167 homines
476 3103 587 3166 autin
610 3102 822 3185 heredipetas
847 3102 876 3166 ei
899 3125 962 3164 non
985 3102 1078 3184 plane
1103 3123 1210 3164 assen-

146 3229 220 3292 tior.
267 3225 352 3290 Nam
387 3227 455 3290 haec
490 3228 588 3290 satira
623 3227 719 3290 etiam
753 3227 786 3289 in
821 3227 853 3290 id
886 3249 985 3310 genus
1009 3226 1152 3290 homines
1176 3249 1210 3290 re

147 3375 225 3417 vera
260 3352 380 3434 scripta
415 3355 472 3426 est,
509 3352 657 3434 quoniam
691 3352 838 3415 transitio
864 3353 903 3414 ad
927 3373 979 3414 eos
1003 3351 1106 3414 facilis
1131 3357 1209 3430 erat,

147 3499 252 3559 neque
276 3481 383 3540 tamen
407 3475 525 3558 duplex
549 3480 772 3560 argumentum
797 3478 854 3553 est,
879 3475 906 3538 si
930 3475 1058 3557 quidem
1082 3475 1141 3539 hoe
1165 3477 1211 3540 ita

147 3601 378 3685 intellegimus,
402 3605 438 3664 ut
461 3601 499 3663 de
524 3601 645 3664 duabus
669 3601 774 3678 rebus,
791 3622 926 3682 quarum
942 3621 1005 3662 una
1022 3622 1094 3664 cum
1110 3597 1213 3664 altera

148 3725 231 3789 nihil
254 3725 377 3809 negotii
401 3724 529 3803 habeat,
554 3725 739 3810 cogitemus,
779 3722 879 3798 Quem
904 3725 944 3788 ad
966 3725 1095 3788 modum
1117 3721 1211 3789 luve-

148 3850 231 3914 nalis
266 3850 299 3912 in
333 3850 431 3912 satira
459 3850 625 3913 undecima
649 3851 687 3912 de
711 3823 916 3932 simplicitate
940 3850 1025 3914 illius
1049 3871 1146 3928 cenae,
1171 3850 1211 3912 ad

148 4021 362 4028 .-.-..—-——

261 4115 280 4184 1)
300 4117 433 4170 Hsrnnicu
452 4117 470 4170 l.
490 4117 508 4169 l.
530 4116 583 4171 vol.
603 4117 623 4170 l.
643 4135 669 4185 p.
689 4116 750 4168 116.
