2854 4828
668 1343 819 1452 Satira
862 1345 910 1456 X.

743 1525 754 1553 Ο

365 1593 475 1677 Usque
511 1592 657 1657 adhunc
681 1592 784 1657 locum
808 1593 874 1656 solo
898 1593 981 1676 quod
1005 1593 1095 1656 aiunt
1117 1591 1207 1656 firmo
1228 1591 1324 1654 insti-

260 1719 367 1782 timus.
415 1716 484 1784 Iam
519 1719 625 1782 omnia
659 1721 833 1786 mutantur.
880 1716 1033 1781 Venimus
1064 1717 1149 1780 enim
1173 1717 1211 1779 ad
1235 1716 1324 1780 deei-

260 1866 345 1906 mam
369 1843 510 1922 satiram,
533 1843 670 1937 primam
694 1864 813 1921 earum,
830 1864 908 1926 quas
924 1841 1120 1907 Ribbeckius
1137 1865 1155 1904 a
1172 1838 1324 1905 Iuvenale

260 1969 434 2032 abiudicat.
480 1966 517 2030 In
554 1968 833 2032 exercitationibus
858 1967 1089 2031 declamatoriis
1113 1967 1323 2045 versabimur,

258 2092 292 2154 in
314 2093 377 2156 levi
402 2096 434 2156 et
457 2092 541 2156 futili
566 2093 692 2156 dicendi
715 2114 843 2176 genere,
867 2090 1017 2155 Iuvenale
1041 2112 1170 2173 prorsus
1186 2090 1322 2174 indigno

261 2220 293 2279 et
329 2217 369 2282 ad
402 2239 513 2281 verum
549 2221 721 2295 auctorem,
757 2217 846 2280 cuius
880 2217 914 2279 in
941 2215 1104 2279 rhetorum
1127 2191 1323 2279 umbraculis

260 2341 385 2406 officina
424 2343 595 2425 quaerenda
630 2345 688 2420 est,
723 2341 909 2405 revocanda.
967 2340 1046 2404 Haec
1082 2343 1129 2403 est
1164 2340 1324 2403 sententia

260 2465 442 2543 Ribbeckii,
478 2467 559 2530 falsa
583 2467 639 2530 illa
662 2467 802 2551 quidem,
826 2469 861 2528 ut
884 2467 1004 2549 opinor,
1018 2461 1062 2528 ‘et
1084 2465 1184 2528 firmis
1207 2464 1324 2528 funda-

260 2582 376 2654 mentis
411 2594 532 2656 orbata.
578 2591 689 2657 Nihilo
724 2593 828 2654 minus
856 2590 1165 2676 argumentationem
1191 2590 1258 2652 eius
1284 2591 1325 2652 ad

262 2738 325 2796 eos,
361 2718 416 2800 qui
451 2717 590 2796 audiant,
622 2717 827 2800 pelliciendos
850 2739 1001 2801 magnam
1024 2716 1089 2790 vim
1111 2714 1243 2793 habere,
1266 2736 1325 2777 ne-

262 2866 339 2931 gare
363 2866 426 2907 non
450 2844 568 2920 ausim,
592 2842 677 2906 fallit
700 2865 756 2906 nos
779 2842 828 2906 vir
850 2841 1047 2906 doctissimus
1064 2863 1185 2904 summo
1201 2841 1326 2925 ingenii

262 2970 424 3033 acumine:
449 2968 594 3032 omnibus
617 2968 727 3030 accitis
752 2965 905 3042 artificiis
925 2987 996 3050 quae
1013 2966 1054 3028 ad
1069 2964 1325 3048 persuadendum

261 3095 375 3158 idonea
398 3093 472 3171 sint,
497 3095 605 3174 captat
628 3092 771 3170 lectores
797 3090 979 3176 obstringit,
1005 3087 1136 3154 detinet
1176 3087 1238 3152 Sed
1262 3110 1327 3171 qno

262 3219 440 3283 accuratius
474 3218 509 3282 hi
544 3216 661 3280 iudicia
690 3220 723 3280 et
745 3219 935 3301 argumenta
959 3215 1026 3278 eius
1050 3214 1261 3298 perpendunt,
1287 3237 1325 3279 eo

263 3343 375 3406 melius
410 3365 447 3407 ea
484 3341 617 3407 arbitrio
652 3342 719 3404 eius
751 3343 974 3424 potiusquam
998 3339 1326 3422 veritatesaepeniti

262 3468 464 3553 intellegunt.
522 3467 691 3551 Proprium
736 3471 784 3530 est
822 3467 906 3530 enim
945 3465 1117 3530 Ribbeckii
1156 3464 1195 3528 ad
1233 3487 1327 3528 suuni

264 3592 432 3657 arbitrium
469 3593 570 3656 multa
609 3592 816 3670 conformare,
855 3613 926 3674 quae
966 3591 1033 3653 eius
1068 3590 1152 3653 modi
1188 3588 1327 3652 solutam

264 3717 544 3802 pertractationem
590 3717 719 3780 minime
765 3716 939 3800 patiantur.
997 3713 1065 3788 Quo
1108 3713 1228 3776 factum
1267 3718 1327 3792 est,

263 3845 298 3906 ut
332 3842 490 3906 sententia
525 3842 592 3905 eius
631 3841 664 3904 in
699 3841 765 3904 dies
799 3840 903 3922 magis
938 3841 1189 3923 oppugnaretur,
1228 3836 1328 3901 etiam

264 3969 304 4032 ab
350 3967 401 4046 iis,
446 3966 501 4050 qui
538 3966 641 4050 primo
680 3988 760 4044 earn,
800 3969 835 4029 ut
865 3987 937 4029 -non
975 3964 1255 4047 amplecterentur,
1295 3967 1330 4026 at

263 4099 349 4159 certe
372 4114 436 4158 non
458 4091 691 4174 improbabant.
739 4087 807 4153 lam
829 4091 925 4154 turba
941 4087 1192 4153 adversariorum
1208 4108 1330 4171 magna
