<?xml version="1.0" encoding="UTF-8"?>
<!DOCTYPE html PUBLIC "-//W3C//DTD XHTML 1.0 Transitional//EN"
    "http://www.w3.org/TR/xhtml1/DTD/xhtml1-transitional.dtd">
<html xmlns="http://www.w3.org/1999/xhtml" xml:lang="en" lang="en">
 <head>
  <title>
</title>
<meta http-equiv="Content-Type" content="text/html;charset=utf-8" />
  <meta name='ocr-system' content='tesseract 3.04.00' />
  <meta name='ocr-capabilities' content='ocr_page ocr_carea ocr_par ocr_line ocrx_word'/>
</head>
<body>
  <div class='ocr_page' id='page_1' title='image "./deargumentidisp00grylgoog_0192.png"; bbox 0 0 2854 4828; ppageno 0'>
   <div class='ocr_carea' id='block_1_1' title="bbox 552 427 725 494">
    <p class='ocr_par' dir='ltr' id='par_1_1' title="bbox 552 427 725 494">
     <span class='ocr_line' id='line_1_1' title="bbox 552 427 725 494; baseline 0.006 -23"><span class='ocrx_word' id='word_1_1' title='bbox 552 427 725 494; x_wconf 63' lang='lat'>„73-</span> 
     </span>
    </p>
   </div>
   <div class='ocr_carea' id='block_1_2' title="bbox 101 605 1258 1562">
    <p class='ocr_par' dir='ltr' id='par_1_2' title="bbox 101 605 1258 1562">
     <span class='ocr_line' id='line_1_2' title="bbox 101 605 1168 689; baseline -0.002 -21"><span class='ocrx_word' id='word_1_2' title='bbox 101 606 323 688; x_wconf 89' lang='lat' dir='ltr'>superioribus</span> <span class='ocrx_word' id='word_1_3' title='bbox 358 605 574 689; x_wconf 83' lang='lat' dir='ltr'>adiungendus</span> <span class='ocrx_word' id='word_1_4' title='bbox 598 627 677 683; x_wconf 77' lang='lat' dir='ltr'>esse,</span> <span class='ocrx_word' id='word_1_5' title='bbox 701 627 772 668; x_wconf 89' lang='lat' dir='ltr'>oum</span> <span class='ocrx_word' id='word_1_6' title='bbox 796 609 931 686; x_wconf 78' lang='lat' dir='ltr'>lempna,</span> <span class='ocrx_word' id='word_1_7' title='bbox 955 626 1017 687; x_wconf 93' lang='lat' dir='ltr'>quo</span> <span class='ocrx_word' id='word_1_8' title='bbox 1041 605 1168 688; x_wconf 77' lang='lat' dir='ltr'>cognati</span> 
     </span>
     <span class='ocr_line' id='line_1_3' title="bbox 101 729 1167 813; baseline -0.002 -21"><span class='ocrx_word' id='word_1_9' title='bbox 101 730 153 793; x_wconf 90' lang='lat' dir='ltr'>illi</span> <span class='ocrx_word' id='word_1_10' title='bbox 192 729 233 812; x_wconf 85' lang='lat' dir='ltr'>(v.</span> <span class='ocrx_word' id='word_1_11' title='bbox 271 729 326 812; x_wconf 81' lang='lat'>86)</span> <span class='ocrx_word' id='word_1_12' title='bbox 366 730 405 793; x_wconf 89' lang='lat' dir='ltr'>ad</span> <span class='ocrx_word' id='word_1_13' title='bbox 443 729 501 794; x_wconf 86' lang='lat' dir='ltr'>has</span> <span class='ocrx_word' id='word_1_14' title='bbox 541 730 650 813; x_wconf 84' lang='lat' dir='ltr'>epulas</span> <span class='ocrx_word' id='word_1_15' title='bbox 688 729 814 806; x_wconf 84' lang='lat' dir='ltr'>iverint,</span> <span class='ocrx_word' id='word_1_16' title='bbox 854 729 970 792; x_wconf 87' lang='lat' dir='ltr'>certius</span> <span class='ocrx_word' id='word_1_17' title='bbox 1004 729 1167 792; x_wconf 86' lang='lat' dir='ltr'>definiant.</span> 
     </span>
     <span class='ocr_line' id='line_1_4' title="bbox 102 853 1168 937; baseline -0.002 -19"><span class='ocrx_word' id='word_1_18' title='bbox 102 853 195 930; x_wconf 83' lang='lat' dir='ltr'>Quod</span> <span class='ocrx_word' id='word_1_19' title='bbox 230 855 259 918; x_wconf 89' lang='lat' dir='ltr'>ei</span> <span class='ocrx_word' id='word_1_20' title='bbox 290 855 437 919; x_wconf 74' lang='lat' dir='ltr'><strong>assentiri</strong></span> <span class='ocrx_word' id='word_1_21' title='bbox 460 855 548 919; x_wconf 90' lang='lat' dir='ltr'>nullo</span> <span class='ocrx_word' id='word_1_22' title='bbox 570 855 662 919; x_wconf 88' lang='lat' dir='ltr'>modo</span> <span class='ocrx_word' id='word_1_23' title='bbox 683 876 820 936; x_wconf 84' lang='lat' dir='ltr'>possum,</span> <span class='ocrx_word' id='word_1_24' title='bbox 836 876 910 918; x_wconf 84' lang='lat' dir='ltr'>narn</span> <span class='ocrx_word' id='word_1_25' title='bbox 927 876 988 916; x_wconf 91' lang='lat' dir='ltr'>non</span> <span class='ocrx_word' id='word_1_26' title='bbox 1005 853 1168 937; x_wconf 84' lang='lat' dir='ltr'>intellege,</span> 
     </span>
     <span class='ocr_line' id='line_1_5' title="bbox 102 978 1169 1063; baseline -0.001 -20"><span class='ocrx_word' id='word_1_27' title='bbox 102 1002 167 1063; x_wconf 89' lang='lat' dir='ltr'>quo</span> <span class='ocrx_word' id='word_1_28' title='bbox 195 981 288 1043; x_wconf 91' lang='lat' dir='ltr'>modo</span> <span class='ocrx_word' id='word_1_29' title='bbox 311 979 391 1042; x_wconf 86' lang='lat' dir='ltr'>illud</span> <span class='ocrx_word' id='word_1_30' title='bbox 416 982 522 1044; x_wconf 91' lang='lat' dir='ltr'>autem</span> <span class='ocrx_word' id='word_1_31' title='bbox 545 979 588 1061; x_wconf 82' lang='lat' dir='ltr'>(v.</span> <span class='ocrx_word' id='word_1_32' title='bbox 613 979 669 1061; x_wconf 84' lang='lat'>90)</span> <span class='ocrx_word' id='word_1_33' title='bbox 694 979 853 1062; x_wconf 85' lang='lat' dir='ltr'>explicare</span> <span class='ocrx_word' id='word_1_34' title='bbox 877 978 965 1057; x_wconf 78' lang='lat' dir='ltr'>velit,</span> <span class='ocrx_word' id='word_1_35' title='bbox 989 978 1169 1062; x_wconf 71' lang='lat' dir='ltr'>prasertim</span> 
     </span>
     <span class='ocr_line' id='line_1_6' title="bbox 102 1105 1167 1188; baseline -0.001 -21"><span class='ocrx_word' id='word_1_36' title='bbox 102 1127 177 1168; x_wconf 81' lang='lat' dir='ltr'>cun]</span> <span class='ocrx_word' id='word_1_37' title='bbox 212 1105 280 1186; x_wconf 89' lang='lat' dir='ltr'>ipse</span> <span class='ocrx_word' id='word_1_38' title='bbox 317 1106 477 1182; x_wconf 80' lang='lat' dir='ltr'>concedat,</span> <span class='ocrx_word' id='word_1_39' title='bbox 510 1105 592 1168; x_wconf 88' lang='lat' dir='ltr'>hanc</span> <span class='ocrx_word' id='word_1_40' title='bbox 616 1105 806 1188; x_wconf 77' lang='lat' dir='ltr'>particulam</span> <span class='ocrx_word' id='word_1_41' title='bbox 829 1105 932 1166; x_wconf 89' lang='lat' dir='ltr'>minus</span> <span class='ocrx_word' id='word_1_42' title='bbox 957 1107 1065 1186; x_wconf 89' lang='lat' dir='ltr'>aptam</span> <span class='ocrx_word' id='word_1_43' title='bbox 1089 1125 1167 1181; x_wconf 86' lang='lat' dir='ltr'>esse,</span> 
     </span>
     <span class='ocr_line' id='line_1_7' title="bbox 102 1201 1188 1324; baseline -0.002 -32"><span class='ocrx_word' id='word_1_44' title='bbox 102 1235 136 1292; x_wconf 88' lang='lat' dir='ltr'>et</span> <span class='ocrx_word' id='word_1_45' title='bbox 162 1231 268 1307; x_wconf 77' lang='lat' dir='ltr'>addat,</span> <span class='ocrx_word' id='word_1_46' title='bbox 305 1229 461 1312; x_wconf 86' lang='lat' dir='ltr'>pluralem</span> <span class='ocrx_word' id='word_1_47' title='bbox 490 1229 589 1308; x_wconf 78' lang='lat' dir='ltr'>verbi,</span> <span class='ocrx_word' id='word_1_48' title='bbox 614 1201 698 1312; x_wconf 84' lang='lat' dir='ltr'>quod</span> <span class='ocrx_word' id='word_1_49' title='bbox 722 1232 771 1292; x_wconf 90' lang='lat' dir='ltr'>est</span> <span class='ocrx_word' id='word_1_50' title='bbox 794 1233 977 1306; x_wconf 76' lang='lat' dir='ltr'>tremerent,</span> <span class='ocrx_word' id='word_1_51' title='bbox 1001 1250 1188 1324; x_wconf 71' lang='lat' dir='ltr'>numerum</span> 
     </span>
     <span class='ocr_line' id='line_1_8' title="bbox 101 1353 1258 1440; baseline -0.004 -20"><span class='ocrx_word' id='word_1_52' title='bbox 101 1377 197 1420; x_wconf 83' lang='lat' dir='ltr'>voces</span> <span class='ocrx_word' id='word_1_53' title='bbox 231 1375 426 1438; x_wconf 68' lang='lat' dir='ltr'>praegressas</span> <span class='ocrx_word' id='word_1_54' title='bbox 462 1354 590 1437; x_wconf 88' lang='lat' dir='ltr'>(aliquis</span> <span class='ocrx_word' id='word_1_55' title='bbox 620 1355 701 1435; x_wconf 86' lang='lat' dir='ltr'>ibat)</span> <span class='ocrx_word' id='word_1_56' title='bbox 738 1354 831 1436; x_wconf 86' lang='lat' dir='ltr'>paulo</span> <span class='ocrx_word' id='word_1_57' title='bbox 866 1354 974 1416; x_wconf 83' lang='lat' dir='ltr'>durius</span> <span class='ocrx_word' id='word_1_58' title='bbox 1010 1353 1167 1435; x_wconf 86' lang='lat' dir='ltr'>excipere.</span> <span class='ocrx_word' id='word_1_59' title='bbox 1253 1427 1258 1440; x_wconf 34' lang='lat'>⁸</span> 
     </span>
     <span class='ocr_line' id='line_1_9' title="bbox 101 1478 1170 1562; baseline -0.003 -20"><span class='ocrx_word' id='word_1_60' title='bbox 101 1479 187 1542; x_wconf 90' lang='lat' dir='ltr'><strong>Mihi</strong></span> <span class='ocrx_word' id='word_1_61' title='bbox 222 1479 350 1561; x_wconf 89' lang='lat' dir='ltr'>quidem</span> <span class='ocrx_word' id='word_1_62' title='bbox 380 1502 429 1543; x_wconf 84' lang='lat' dir='ltr'>vv.</span> <span class='ocrx_word' id='word_1_63' title='bbox 456 1480 497 1541; x_wconf 82' lang='lat'>90</span> <span class='ocrx_word' id='word_1_64' title='bbox 521 1501 590 1562; x_wconf 86' lang='lat' dir='ltr'>sqq.</span> <span class='ocrx_word' id='word_1_65' title='bbox 615 1501 742 1542; x_wconf 89' lang='lat' dir='ltr'>causam</span> <span class='ocrx_word' id='word_1_66' title='bbox 766 1479 906 1542; x_wconf 88' lang='lat' dir='ltr'>iudicare</span> <span class='ocrx_word' id='word_1_67' title='bbox 930 1478 1087 1562; x_wconf 82' lang='lat' dir='ltr'>videntur,</span> <span class='ocrx_word' id='word_1_68' title='bbox 1113 1499 1170 1540; x_wconf 90' lang='lat' dir='ltr'>cur</span> 
     </span>
    </p>
   </div>
   <div class='ocr_carea' id='block_1_3' title="bbox 102 1602 1170 1695">
    <p class='ocr_par' dir='ltr' id='par_1_3' title="bbox 102 1602 1170 1695">
     <span class='ocr_line' id='line_1_10' title="bbox 102 1602 1170 1695; baseline -0.002 -29"><span class='ocrx_word' id='word_1_69' title='bbox 102 1604 318 1695; x_wconf 37' lang='lat' dir='ltr'>nemo-inter</span> <span class='ocrx_word' id='word_1_70' title='bbox 352 1625 443 1666; x_wconf 84' lang='lat' dir='ltr'>curas</span> <span class='ocrx_word' id='word_1_71' title='bbox 477 1603 658 1668; x_wconf 87' lang='lat' dir='ltr'>habendum</span> <span class='ocrx_word' id='word_1_72' title='bbox 694 1603 829 1681; x_wconf 71' lang='lat' dir='ltr'>duxerit,</span> <span class='ocrx_word' id='word_1_73' title='bbox 862 1602 965 1685; x_wconf 86' lang='lat' dir='ltr'>qualis</span> <span class='ocrx_word' id='word_1_74' title='bbox 995 1602 1028 1664; x_wconf 90' lang='lat' dir='ltr'>in</span> <span class='ocrx_word' id='word_1_75' title='bbox 1052 1623 1170 1665; x_wconf 88' lang='lat' dir='ltr'>oceano</span> 
     </span>
    </p>
   </div>
   <div class='ocr_carea' id='block_1_4' title="bbox 102 1704 1167 1808">
    <p class='ocr_par' dir='ltr' id='par_1_4' title="bbox 102 1704 1167 1808">
     <span class='ocr_line' id='line_1_11' title="bbox 102 1704 1167 1808; baseline -0.003 -18"><span class='ocrx_word' id='word_1_76' title='bbox 102 1704 233 1792; x_wconf 86' lang='lat' dir='ltr'>testudo</span> <span class='ocrx_word' id='word_1_77' title='bbox 267 1732 394 1792; x_wconf 85' lang='lat' dir='ltr'>nataret</span> <span class='ocrx_word' id='word_1_78' title='bbox 428 1728 471 1808; x_wconf 87' lang='lat' dir='ltr'>(v.</span> <span class='ocrx_word' id='word_1_79' title='bbox 496 1729 562 1808; x_wconf 83' lang='lat'>93).</span> <span class='ocrx_word' id='word_1_80' title='bbox 608 1726 707 1791; x_wconf 89' lang='lat' dir='ltr'>Nulla</span> <span class='ocrx_word' id='word_1_81' title='bbox 731 1733 778 1791; x_wconf 92' lang='lat' dir='ltr'>est</span> <span class='ocrx_word' id='word_1_82' title='bbox 802 1728 996 1792; x_wconf 74' lang='lat' dir='ltr'>cohaerentia</span> <span class='ocrx_word' id='word_1_83' title='bbox 1019 1748 1167 1790; x_wconf 83' lang='lat' dir='ltr'>versuum</span> 
     </span>
    </p>
   </div>
   <div class='ocr_carea' id='block_1_5' title="bbox 102 1851 1171 3184">
    <p class='ocr_par' dir='ltr' id='par_1_5' title="bbox 102 1851 1171 3056">
     <span class='ocr_line' id='line_1_12' title="bbox 104 1851 1168 1936; baseline -0.004 -20"><span class='ocrx_word' id='word_1_84' title='bbox 104 1855 146 1917; x_wconf 82' lang='lat'>90</span> <span class='ocrx_word' id='word_1_85' title='bbox 185 1875 253 1936; x_wconf 86' lang='lat' dir='ltr'><strong>sqq.</strong></span> <span class='ocrx_word' id='word_1_86' title='bbox 288 1869 377 1916; x_wconf 83' lang='lat' dir='ltr'>cum&#39;</span> <span class='ocrx_word' id='word_1_87' title='bbox 398 1853 447 1924; x_wconf 79' lang='lat' dir='ltr'>iis,</span> <span class='ocrx_word' id='word_1_88' title='bbox 483 1853 538 1936; x_wconf 91' lang='lat' dir='ltr'>qui</span> <span class='ocrx_word' id='word_1_89' title='bbox 573 1854 780 1928; x_wconf 81' lang='lat' dir='ltr'>antecedunt3</span> <span class='ocrx_word' id='word_1_90' title='bbox 816 1873 919 1933; x_wconf 87' lang='lat' dir='ltr'>neque</span> <span class='ocrx_word' id='word_1_91' title='bbox 955 1851 1038 1914; x_wconf 91' lang='lat' dir='ltr'>enim</span> <span class='ocrx_word' id='word_1_92' title='bbox 1063 1851 1168 1914; x_wconf 83' lang='lat' dir='ltr'>dicere</span> 
     </span>
     <span class='ocr_line' id='line_1_13' title="bbox 102 1975 1169 2061; baseline -0.003 -20"><span class='ocrx_word' id='word_1_93' title='bbox 102 1999 282 2061; x_wconf 58' lang='lat' dir='ltr'>possumne</span> <span class='ocrx_word' id='word_1_94' title='bbox 318 1981 470 2061; x_wconf 83' lang='lat' dir='ltr'>cognatos</span> <span class='ocrx_word' id='word_1_95' title='bbox 498 1977 569 2040; x_wconf 89' lang='lat' dir='ltr'>illos</span> <span class='ocrx_word' id='word_1_96' title='bbox 593 1977 746 2040; x_wconf 86' lang='lat' dir='ltr'>maturius</span> <span class='ocrx_word' id='word_1_97' title='bbox 771 1977 808 2039; x_wconf 87' lang='lat' dir='ltr'>ad</span> <span class='ocrx_word' id='word_1_98' title='bbox 834 1975 943 2058; x_wconf 85' lang='lat' dir='ltr'>epulas</span> <span class='ocrx_word' id='word_1_99' title='bbox 967 1975 1071 2047; x_wconf 77' lang='lat' dir='ltr'>ivisse.</span> <span class='ocrx_word' id='word_1_100' title='bbox 1096 1997 1169 2038; x_wconf 90' lang='lat' dir='ltr'>cum</span> 
     </span>
     <span class='ocr_line' id='line_1_14' title="bbox 102 2098 1170 2184; baseline -0.003 -19"><span class='ocrx_word' id='word_1_101' title='bbox 102 2098 282 2165; x_wconf 85' lang='lat' dir='ltr'>tremerent</span> <span class='ocrx_word' id='word_1_102' title='bbox 317 2101 433 2166; x_wconf 85' lang='lat' dir='ltr'>Fabios</span> <span class='ocrx_word' id='word_1_103' title='bbox 469 2106 500 2165; x_wconf 92' lang='lat' dir='ltr'>et</span> <span class='ocrx_word' id='word_1_104' title='bbox 536 2101 687 2165; x_wconf 79' lang='lat' dir='ltr'>Catonem</span> <span class='ocrx_word' id='word_1_105' title='bbox 723 2104 754 2163; x_wconf 89' lang='lat' dir='ltr'>et</span> <span class='ocrx_word' id='word_1_106' title='bbox 789 2100 911 2184; x_wconf 83' lang='lat' dir='ltr'>collega</span> <span class='ocrx_word' id='word_1_107' title='bbox 938 2100 1006 2183; x_wconf 85' lang='lat' dir='ltr'>ipse</span> <span class='ocrx_word' id='word_1_108' title='bbox 1031 2100 1170 2163; x_wconf 85' lang='lat' dir='ltr'>censoris</span> 
     </span>
     <span class='ocr_line' id='line_1_15' title="bbox 104 2223 1168 2303; baseline -0.003 -13"><span class='ocrx_word' id='word_1_109' title='bbox 104 2249 235 2292; x_wconf 81' lang='lat' dir='ltr'>severos</span> <span class='ocrx_word' id='word_1_110' title='bbox 259 2248 362 2290; x_wconf 89' lang='lat' dir='ltr'>mores</span> <span class='ocrx_word' id='word_1_111' title='bbox 385 2227 527 2303; x_wconf 90' lang='lat' dir='ltr'>timeret;</span> <span class='ocrx_word' id='word_1_112' title='bbox 552 2230 587 2289; x_wconf 87' lang='lat' dir='ltr'>ut·</span> <span class='ocrx_word' id='word_1_113' title='bbox 610 2225 691 2288; x_wconf 88' lang='lat' dir='ltr'>nihil</span> <span class='ocrx_word' id='word_1_114' title='bbox 715 2226 828 2288; x_wconf 86' lang='lat' dir='ltr'>addam</span> <span class='ocrx_word' id='word_1_115' title='bbox 853 2225 891 2288; x_wconf 89' lang='lat' dir='ltr'>de</span> <span class='ocrx_word' id='word_1_116' title='bbox 912 2225 1045 2288; x_wconf 86' lang='lat' dir='ltr'>molesto</span> <span class='ocrx_word' id='word_1_117' title='bbox 1061 2223 1168 2300; x_wconf 82' lang='lat' dir='ltr'>verbo,</span> 
     </span>
     <span class='ocr_line' id='line_1_16' title="bbox 104 2349 1169 2436; baseline -0.005 -20"><span class='ocrx_word' id='word_1_118' title='bbox 104 2353 190 2436; x_wconf 91' lang='lat' dir='ltr'>quod</span> <span class='ocrx_word' id='word_1_119' title='bbox 216 2357 264 2416; x_wconf 90' lang='lat' dir='ltr'>est</span> <span class='ocrx_word' id='word_1_120' title='bbox 287 2356 402 2416; x_wconf 88' lang='lat' dir='ltr'>autem.</span> <span class='ocrx_word' id='word_1_121' title='bbox 443 2349 615 2415; x_wconf 88' lang='lat' dir='ltr'>Incidimus</span> <span class='ocrx_word' id='word_1_122' title='bbox 639 2351 739 2434; x_wconf 87' lang='lat' dir='ltr'>igitur</span> <span class='ocrx_word' id='word_1_123' title='bbox 757 2350 875 2413; x_wconf 87' lang='lat' dir='ltr'>maiore</span> <span class='ocrx_word' id='word_1_124' title='bbox 892 2349 984 2434; x_wconf 81' lang='lat' dir='ltr'>signo</span> <span class='ocrx_word' id='word_1_125' title='bbox 1001 2353 1071 2431; x_wconf 89' lang='lat' dir='ltr'>post</span> <span class='ocrx_word' id='word_1_126' title='bbox 1086 2349 1169 2433; x_wconf 86' lang='lat' dir='ltr'>ligo-</span> 
     </span>
     <span class='ocr_line' id='line_1_17' title="bbox 103 2473 1170 2560; baseline -0.006 -17"><span class='ocrx_word' id='word_1_127' title='bbox 103 2501 180 2542; x_wconf 88' lang='lat' dir='ltr'>nem</span> <span class='ocrx_word' id='word_1_128' title='bbox 216 2479 257 2559; x_wconf 83' lang='lat' dir='ltr'>(v.</span> <span class='ocrx_word' id='word_1_129' title='bbox 295 2478 360 2560; x_wconf 81' lang='grc'>89),</span> <span class='ocrx_word' id='word_1_130' title='bbox 396 2477 516 2541; x_wconf 89' lang='lat' dir='ltr'>minore</span> <span class='ocrx_word' id='word_1_131' title='bbox 554 2479 626 2559; x_wconf 88' lang='lat' dir='ltr'>post</span> <span class='ocrx_word' id='word_1_132' title='bbox 660 2477 788 2539; x_wconf 89' lang='lat' dir='ltr'>timeret</span> <span class='ocrx_word' id='word_1_133' title='bbox 823 2475 864 2556; x_wconf 85' lang='lat' dir='ltr'>(v.</span> <span class='ocrx_word' id='word_1_134' title='bbox 894 2477 961 2557; x_wconf 82' lang='lat'><strong>92).</strong></span> <span class='ocrx_word' id='word_1_135' title='bbox 1008 2473 1170 2538; x_wconf 86' lang='lat' dir='ltr'>Praeteree</span> 
     </span>
     <span class='ocr_line' id='line_1_18' title="bbox 104 2597 1171 2684; baseline -0.006 -18"><span class='ocrx_word' id='word_1_136' title='bbox 104 2602 301 2679; x_wconf 79' lang='lat' dir='ltr'>Fabricium,</span> <span class='ocrx_word' id='word_1_137' title='bbox 337 2623 400 2665; x_wconf 87' lang='lat' dir='ltr'>non</span> <span class='ocrx_word' id='word_1_138' title='bbox 424 2601 599 2680; x_wconf 78' lang='lat' dir='ltr'>Fabricios,</span> <span class='ocrx_word' id='word_1_139' title='bbox 624 2623 691 2664; x_wconf 85' lang='lat' dir='ltr'>esse</span> <span class='ocrx_word' id='word_1_140' title='bbox 715 2601 897 2684; x_wconf 80' lang='lat' dir='ltr'>legendum,</span> <span class='ocrx_word' id='word_1_141' title='bbox 921 2603 957 2662; x_wconf 87' lang='lat' dir='ltr'>ut</span> <span class='ocrx_word' id='word_1_142' title='bbox 980 2597 1112 2662; x_wconf 83' lang='lat' dir='ltr'>Scauros</span> <span class='ocrx_word' id='word_1_143' title='bbox 1138 2602 1171 2662; x_wconf 91' lang='lat' dir='ltr'>et</span> 
     </span>
     <span class='ocr_line' id='line_1_19' title="bbox 104 2725 1170 2810; baseline -0.005 -20"><span class='ocrx_word' id='word_1_144' title='bbox 104 2726 290 2790; x_wconf 85' lang='lat' dir='ltr'>Fabricium</span> <span class='ocrx_word' id='word_1_145' title='bbox 325 2726 425 2810; x_wconf 83' lang='lat' dir='ltr'>magis</span> <span class='ocrx_word' id='word_1_146' title='bbox 450 2727 601 2789; x_wconf 91' lang='lat' dir='ltr'>concinne</span> <span class='ocrx_word' id='word_1_147' title='bbox 626 2726 839 2809; x_wconf 87' lang='lat' dir='ltr'>respondeant</span> <span class='ocrx_word' id='word_1_148' title='bbox 862 2725 977 2802; x_wconf 81' lang='lat' dir='ltr'>verbis,</span> <span class='ocrx_word' id='word_1_149' title='bbox 1001 2745 1071 2807; x_wconf 88' lang='lat' dir='ltr'>quae</span> <span class='ocrx_word' id='word_1_150' title='bbox 1096 2727 1170 2786; x_wconf 90' lang='lat' dir='ltr'>sunt</span> 
     </span>
     <span class='ocr_line' id='line_1_20' title="bbox 104 2848 1170 2932; baseline -0.001 -20"><span class='ocrx_word' id='word_1_151' title='bbox 104 2850 224 2914; x_wconf 85' lang='lat' dir='ltr'>Fabios</span> <span class='ocrx_word' id='word_1_152' title='bbox 259 2855 291 2914; x_wconf 91' lang='lat' dir='ltr'>et</span> <span class='ocrx_word' id='word_1_153' title='bbox 325 2849 477 2914; x_wconf 78' lang='lat' dir='ltr'>Catonern</span> <span class='ocrx_word' id='word_1_154' title='bbox 512 2851 546 2912; x_wconf 88' lang='lat' dir='ltr'>in</span> <span class='ocrx_word' id='word_1_155' title='bbox 580 2850 683 2932; x_wconf 91' lang='lat' dir='ltr'>priore</span> <span class='ocrx_word' id='word_1_156' title='bbox 719 2872 822 2926; x_wconf 78' lang='lat' dir='ltr'>versu,</span> <span class='ocrx_word' id='word_1_157' title='bbox 859 2871 1028 2932; x_wconf 88' lang='lat' dir='ltr'>veramque</span> <span class='ocrx_word' id='word_1_158' title='bbox 1053 2848 1170 2912; x_wconf 89' lang='lat' dir='ltr'>codicis</span> 
     </span>
     <span class='ocr_line' id='line_1_21' title="bbox 104 2973 1069 3056; baseline -0.002 -18"><span class='ocrx_word' id='word_1_159' title='bbox 104 2973 141 3040; x_wconf 86' lang='lat' dir='ltr'>P.</span> <span class='ocrx_word' id='word_1_160' title='bbox 166 2975 345 3038; x_wconf 85' lang='lat' dir='ltr'>lectionem</span> <span class='ocrx_word' id='word_1_161' title='bbox 360 2974 442 3037; x_wconf 87' lang='lat' dir='ltr'>hanc</span> <span class='ocrx_word' id='word_1_162' title='bbox 467 2996 546 3053; x_wconf 72' lang='lat' dir='ltr'>esse,</span> <span class='ocrx_word' id='word_1_163' title='bbox 570 2974 702 3037; x_wconf 91' lang='lat' dir='ltr'>Beerius</span> <span class='ocrx_word' id='word_1_164' title='bbox 726 2995 827 3056; x_wconf 89' lang='lat' dir='ltr'>nuper</span> <span class='ocrx_word' id='word_1_165' title='bbox 851 2975 1018 3037; x_wconf 87' lang='lat' dir='ltr'>confirmat</span> <span class='ocrx_word' id='word_1_166' title='bbox 1036 2974 1069 3052; x_wconf 89' lang='lat'>¹).</span> 
     </span>
    </p>

    <p class='ocr_par' dir='ltr' id='par_1_6' title="bbox 214 3097 1166 3184">
     <span class='ocr_line' id='line_1_22' title="bbox 214 3097 1166 3184; baseline -0.004 -22"><span class='ocrx_word' id='word_1_167' title='bbox 214 3097 248 3162; x_wconf 80' lang='lat' dir='ltr'>Si</span> <span class='ocrx_word' id='word_1_168' title='bbox 281 3100 501 3184; x_wconf 85' lang='lat' dir='ltr'>integritatem</span> <span class='ocrx_word' id='word_1_169' title='bbox 535 3121 684 3163; x_wconf 85' lang='lat' dir='ltr'>versuum</span> <span class='ocrx_word' id='word_1_170' title='bbox 718 3098 915 3182; x_wconf 69' lang='lat' dir='ltr'>respicimus</span> <span class='ocrx_word' id='word_1_171' title='bbox 942 3097 1110 3160; x_wconf 90' lang='lat' dir='ltr'>nonnullos</span> <span class='ocrx_word' id='word_1_172' title='bbox 1134 3097 1166 3159; x_wconf 90' lang='lat' dir='ltr'>in</span> 
     </span>
    </p>
   </div>
   <div class='ocr_carea' id='block_1_6' title="bbox 105 3223 1031 3474">
    <p class='ocr_par' dir='ltr' id='par_1_7' title="bbox 105 3223 1031 3474">
     <span class='ocr_line' id='line_1_23' title="bbox 105 3223 750 3288; baseline -0.002 0"><span class='ocrx_word' id='word_1_173' title='bbox 105 3224 239 3288; x_wconf 89' lang='lat' dir='ltr'>dubium</span> <span class='ocrx_word' id='word_1_174' title='bbox 262 3224 403 3287; x_wconf 85' lang='lat' dir='ltr'>revocari</span> <span class='ocrx_word' id='word_1_175' title='bbox 427 3224 580 3288; x_wconf 80' lang='lat' dir='ltr'>videmus,</span> <span class='ocrx_word' id='word_1_176' title='bbox 626 3223 666 3287; x_wconf 87' lang='lat' dir='ltr'>V.</span> <span class='ocrx_word' id='word_1_177' title='bbox 693 3224 750 3287; x_wconf 85' lang='lat'>99:</span> 
     </span>
     <span class='ocr_line' id='line_1_24' title="bbox 266 3397 1031 3474; baseline -0.004 -18"><span class='ocrx_word' id='word_1_178' title='bbox 266 3399 340 3457; x_wconf 85' lang='lat' dir='ltr'>tales</span> <span class='ocrx_word' id='word_1_179' title='bbox 364 3418 435 3474; x_wconf 81' lang='lat' dir='ltr'>ergo</span> <span class='ocrx_word' id='word_1_180' title='bbox 460 3399 517 3456; x_wconf 90' lang='lat' dir='ltr'>cibi</span> <span class='ocrx_word' id='word_1_181' title='bbox 540 3400 636 3474; x_wconf 89' lang='lat' dir='ltr'>qualis</span> <span class='ocrx_word' id='word_1_182' title='bbox 660 3401 763 3458; x_wconf 88' lang='lat' dir='ltr'>domus</span> <span class='ocrx_word' id='word_1_183' title='bbox 788 3401 877 3472; x_wconf 81' lang='lat' dir='ltr'>atque</span> <span class='ocrx_word' id='word_1_184' title='bbox 901 3397 1031 3472; x_wconf 87' lang='lat' dir='ltr'>supellex</span> 
     </span>
    </p>
   </div>
   <div class='ocr_carea' id='block_1_7' title="bbox 105 3560 1171 3645">
    <p class='ocr_par' dir='ltr' id='par_1_8' title="bbox 105 3560 1171 3645">
     <span class='ocr_line' id='line_1_25' title="bbox 105 3560 1171 3645; baseline -0.001 -22"><span class='ocrx_word' id='word_1_185' title='bbox 105 3585 123 3623; x_wconf 89' lang='lat' dir='ltr'>a</span> <span class='ocrx_word' id='word_1_186' title='bbox 159 3562 268 3624; x_wconf 85' lang='lat' dir='ltr'>multis</span> <span class='ocrx_word' id='word_1_187' title='bbox 305 3563 482 3626; x_wconf 87' lang='lat' dir='ltr'>damnatur.</span> <span class='ocrx_word' id='word_1_188' title='bbox 531 3562 729 3645; x_wconf 67' lang='lat' dir='ltr'>compositus</span> <span class='ocrx_word' id='word_1_189' title='bbox 765 3565 813 3624; x_wconf 88' lang='lat' dir='ltr'>est</span> <span class='ocrx_word' id='word_1_190' title='bbox 848 3561 959 3624; x_wconf 89' lang='lat' dir='ltr'>eodem</span> <span class='ocrx_word' id='word_1_191' title='bbox 987 3560 1053 3623; x_wconf 86' lang='lat' dir='ltr'>fere</span> <span class='ocrx_word' id='word_1_192' title='bbox 1078 3560 1171 3623; x_wconf 87' lang='lat' dir='ltr'>modo</span> 
     </span>
    </p>
   </div>
   <div class='ocr_carea' id='block_1_8' title="bbox 105 3687 326 3769">
    <p class='ocr_par' dir='ltr' id='par_1_9' title="bbox 105 3687 326 3769">
     <span class='ocr_line' id='line_1_26' title="bbox 105 3687 326 3769; baseline 0 -19"><span class='ocrx_word' id='word_1_193' title='bbox 105 3709 168 3769; x_wconf 92' lang='lat' dir='ltr'>quo</span> <span class='ocrx_word' id='word_1_194' title='bbox 194 3709 223 3748; x_wconf 84' lang='lat' dir='ltr'>v.</span> <span class='ocrx_word' id='word_1_195' title='bbox 251 3687 326 3750; x_wconf 85' lang='lat'>161:</span> 
     </span>
    </p>
   </div>
   <div class='ocr_carea' id='block_1_9' title="bbox 150 3859 1143 3937">
    <p class='ocr_par' dir='ltr' id='par_1_10' title="bbox 150 3859 1143 3937">
     <span class='ocr_line' id='line_1_27' title="bbox 150 3859 1143 3937; baseline -0.001 -19"><span class='ocrx_word' id='word_1_196' title='bbox 150 3881 280 3936; x_wconf 85' lang='lat' dir='ltr'>namque</span> <span class='ocrx_word' id='word_1_197' title='bbox 303 3881 364 3920; x_wconf 91' lang='lat' dir='ltr'>una</span> <span class='ocrx_word' id='word_1_198' title='bbox 388 3865 479 3937; x_wconf 88' lang='lat' dir='ltr'>atque</span> <span class='ocrx_word' id='word_1_199' title='bbox 503 3862 604 3920; x_wconf 85' lang='lat' dir='ltr'>eadem</span> <span class='ocrx_word' id='word_1_200' title='bbox 629 3865 673 3920; x_wconf 87' lang='lat' dir='ltr'>est</span> <span class='ocrx_word' id='word_1_201' title='bbox 696 3860 757 3920; x_wconf 84' lang='lat' dir='ltr'>vini</span> <span class='ocrx_word' id='word_1_202' title='bbox 780 3860 878 3936; x_wconf 86' lang='lat' dir='ltr'>petria</span> <span class='ocrx_word' id='word_1_203' title='bbox 902 3864 992 3936; x_wconf 82' lang='lat' dir='ltr'>etque</span> <span class='ocrx_word' id='word_1_204' title='bbox 1016 3859 1143 3918; x_wconf 85' lang='lat' dir='ltr'>ministri</span> 
     </span>
    </p>
   </div>
   <div class='ocr_carea' id='block_1_10' title="bbox 217 4112 513 4184">
    <p class='ocr_par' dir='ltr' id='par_1_11' title="bbox 217 4112 513 4184">
     <span class='ocr_line' id='line_1_28' title="bbox 217 4112 513 4184; baseline 0 -18"><span class='ocrx_word' id='word_1_205' title='bbox 217 4112 236 4180; x_wconf 88' lang='lat'>¹)</span> <span class='ocrx_word' id='word_1_206' title='bbox 257 4114 329 4167; x_wconf 69' lang='lat' dir='ltr'>Bauer</span> <span class='ocrx_word' id='word_1_207' title='bbox 349 4114 366 4168; x_wconf 94' lang='lat' dir='ltr'>l.</span> <span class='ocrx_word' id='word_1_208' title='bbox 386 4114 404 4168; x_wconf 92' lang='lat' dir='ltr'>l.</span> <span class='ocrx_word' id='word_1_209' title='bbox 424 4133 450 4184; x_wconf 92' lang='lat' dir='ltr'>p.</span> <span class='ocrx_word' id='word_1_210' title='bbox 472 4115 513 4167; x_wconf 80' lang='lat'>75.</span> 
     </span>
    </p>
   </div>
   <div class='ocr_carea' id='block_1_11' title="bbox 0 0 1438 4828">
    <p class='ocr_par' dir='ltr' id='par_1_12' title="bbox 0 0 1438 4828">
     <span class='ocr_line' id='line_1_29' title="bbox 0 0 1438 4828; baseline 0 0"><span class='ocrx_word' id='word_1_211' title='bbox 0 0 1438 4828; x_wconf 95' lang='lat' dir='ltr'> </span> 
     </span>
    </p>
   </div>
  </div>
 </body>
</html>
