2854 4828
698 409 872 472 „43-

254 585 284 647 ei
318 587 498 649 condonari.
546 585 628 662 Quid
663 585 822 650 Iuvenalis
857 587 937 670 ipse'¹
961 588 1000 650 de
1029 587 1096 650 eius
1120 587 1207 652 modi
1231 610 1321 652 erro-

254 709 365 772 ribus?

590 834 640 891 sed
664 851 715 892 vos
740 853 833 892 saevas
856 821 988 909 inponite
1011 835 1100 910 leges,

358 941 395 997 ut
417 940 593 1016 praeceptori
617 941 775 998 verborum
799 942 904 1018 regula
928 944 1058 1009 constet3

361 1050 396 1102 ut
418 1048 500 1123 legat
523 1047 669 1116 historias,
695 1050 831 1104 auctores
855 1048 972 1104 noverit
995 1067 1094 1105 omnes

332 1211 334 1216 ,
360 1158 514 1228 tamquam
537 1174 652 1230 ungues
677 1154 844 1230 digitosque
868 1173 952 1224 suos;
977 1159 1012 1212 ut
1035 1156 1112 1212 forte
1135 1159 1274 1230 rogatus,

360 1261 429 1317 dum
454 1262 530 1335 petit
554 1265 607 1318 aut
630 1263 761 1319 thermas
786 1265 839 1319 aut
861 1261 973 1319 Phoebi
996 1262 1112 1330 balnea,
1138 1261 1219 1319 dicat

358 1368 502 1426 nutricem
527 1368 672 1437 Anchisae‚
698 1388 802 1426 nomen
826 1369 1014 1444 patriamque
1039 1387 1173 1426 novercae

360 1476 543 1544 Anchemoli,
567 1475 654 1544 dicat,
680 1478 753 1549 quot
776 1473 897 1532 Acestes
921 1475 1027 1532 vixerit
1051 1475 1144 1546 anniS,

360 1586 433 1656 quot
457 1581 548 1640 Siculi
571 1582 740 1656 Phrygibus
764 1582 825 1639 vini
849 1581 1004 1640 donaverit
1026 1587 1130 1639 urnas!

358 1743 508 1828 Sequitur
532 1744 595 1824 (vv.
622 1745 808 1820 133—187)
833 1767 870 1808 ea
893 1767 977 1827 pam,
1002 1767 1073 1828 quac
1097 1748 1146 1808 cst
1169 1746 1208 1810 de
1226 1747 1320 1829 cupi·

251 1871 350 1932 ditate
374 1869 477 1932 laudis
501 1869 724 1952 imperatoriae.
763 1868 839 1932 Vim
863 1870 1022 1952 quandam
1045 1869 1078 1932 in
1101 1867 1152 1932 his
1168 1871 1319 1934 versibus

249 1995 364 2072 inesse,
386 2007 464 2057 'non
493 2017 591 2078 nego:
628 1995 781 2057 maiorem
806 1994 903 2056 etiam
926 1995 959 2056 in
984 2017 1020 2057 ea
1044 1997 1146 2077 parte,
1171 2017 1243 2078 quae
1270 2001 1320 2059 est

250 2119 287 2181 de
323 2123 499 2182 senectute:
535 2122 603 2182 tota
637 2119 704 2182 fere
739 2119 837 2182 satira
873 2119 995 2182 decima
1025 2119 1184 2182 laudanda
1209 2125 1260 2183 est
1286 2125 1318 2183 et

249 2245 288 2306 oh
313 2247 536 2336 argumentum
560 2245 665 2326 ipsum
689 2247 721 2306 et
745 2245 785 2306 oh
810 2244 990 2328 argumenti
1014 2244 1269 2326 dispositionem.

355 2367 407 2431 Ad
441 2391 470 2431 v.
509 2371 571 2433 138
608 2367 763 2431 Weidner
798 2370 956 2446 observat,
987 2369 1049 2430 tria
1073 2361 1128 2431 illa
1153 2368 1317 2432 adiectiva

248 2494 288 2555 ad
325 2493 581 2576 induperatorem
617 2473 796 2576 pertineres
824 2493 926 2570 nuilus
961 2497 1069 2556 tamen
1103 2493 1316 2575 imperatores

247 2616 406 2681 Romanos
431 2618 680 2696 commemorari,
705 2619 759 2681 sed
783 2620 906 2680 tantum
925 2615 1148 2696 Hannibalem,
1166 2616 1314 2681 Alexan·

246 2743 347 2820 druna,
364 2741 502 2806 Xerxen.
527 2742 626 2805 Recte
642 2743 799 2820 observat,
817 2743 872 2804 sed
884 2747 992 2806 tamen
1005 2739 1164 2805 Iuvenalis
1177 2763 1313 2806 suorum

247 2867 363 2931 civium
388 2889 451 2930 non
475 2868 568 2949 plane
593 2867 708 2930 oblitus
725 2871 782 2930 est.
817 2865 891 2930 Non
906 2867 967 2931 hoc
983 2868 1050 2940 loco
1067 2889 1174 2930 eorum
1191 2868 1314 2930 mentio

246 2993 292 3071 fit,
317 2993 372 3055 sed
396 2993 491 3074 paulo
515 2991 600 3054 infra
622 3015 652 3055 v.
678 2992 759 3056 273:
942 3021 946 3045 ι

618 3167 724 3225 festino
749 3168 924 3226 adnostros

352 3329 402 3396 Ibi
432 3332 552 3396 Marius
577 3336 609 3394 et
632 3331 801 3414 Pompeius
825 3332 1035 3414 inducuntur,¹
1052 3353 1187 3414 quorum
1211 3331 1310 3416 aegri·

244 3457 370 3520 tudines
394 3461 489 3539 poeta
512 3458 603 3521 nobis
628 3461 700 3519 ante
725 3456 830 3520 oculos
853 3456 953 3538 ponit.
994 3453 1105 3538 Itaque
1130 3456 1157 3518 si
1176 3459 1308 3518 conten-

245 3582 318 3644 dere
353 3581 507 3658 volumus
543 3579 727 3645 Iuvenalem
763 3603 812 3645 vv.
850 3581 1021 3645 133-187
1051 3601 1116 3643 non
1139 3580 1245 3643 omnia
1268 3601 1308 3644 ea

243 3705 334 3769 nobis
370 3706 456 3782 dare,
492 3727 561 3788 quae
596 3730 626 3770 v.
664 3706 726 3770 138
754 3705 944 3787 promiserit,
968 3709 1086 3783 tamen,
1111 3713 1181 3768 cum
1205 3709 1307 3768 totam

175 3815 177 3818 ⁵
244 3830 376 3892 satiram
399 3829 584 3910 finierimus
610 3831 702 3892 fidem
729 3852 800 3892 eum
817 3851 958 3893 servasse
976 3829 1190 3892 concedemus.
1230 3827 1305 3893 Ser·

238 3955 330 4035 ¹varit
364 3955 430 4017 sine
466 3955 561 4018 dubio
598 3955 743 4036 exempla
778 3953 873 4017 Marii
905 3957 936 4016 ct
971 3953 1112 4036 Pompei,
1148 3957 1184 4016 ut
1207 3953 1245 4022 iis
1270 3954 1304 4016 in

240 4073 281 4142 'ea
315 4082 405 4162 parte
441 4080 546 4143 satirae
581 4082 734 4156 uteretur,
769 4079 802 4142 in
839 4101 900 4161 qua
935 4079 1096 4142 miseriam
1131 4079 1303 4142 senectutis
