<?xml version="1.0" encoding="UTF-8"?>
<!DOCTYPE html PUBLIC "-//W3C//DTD XHTML 1.0 Transitional//EN"
    "http://www.w3.org/TR/xhtml1/DTD/xhtml1-transitional.dtd">
<html xmlns="http://www.w3.org/1999/xhtml" xml:lang="en" lang="en">
 <head>
  <title>
</title>
<meta http-equiv="Content-Type" content="text/html;charset=utf-8" />
  <meta name='ocr-system' content='tesseract 3.04.00' />
  <meta name='ocr-capabilities' content='ocr_page ocr_carea ocr_par ocr_line ocrx_word'/>
</head>
<body>
  <div class='ocr_page' id='page_1' title='image "./deargumentidisp00grylgoog_0220.png"; bbox 0 0 2930 4836; ppageno 0'>
   <div class='ocr_carea' id='block_1_1' title="bbox 576 470 772 558">
    <p class='ocr_par' dir='ltr' id='par_1_1' title="bbox 576 470 772 558">
     <span class='ocr_line' id='line_1_1' title="bbox 576 470 772 558; baseline 0 -44"><span class='ocrx_word' id='word_1_1' title='bbox 576 470 772 558; x_wconf 82' lang='lat' dir='ltr'>-nu-</span> 
     </span>
    </p>
   </div>
   <div class='ocr_carea' id='block_1_2' title="bbox 144 643 1206 731">
    <p class='ocr_par' dir='ltr' id='par_1_2' title="bbox 144 643 1206 731">
     <span class='ocr_line' id='line_1_2' title="bbox 144 643 1206 731; baseline 0.002 -23"><span class='ocrx_word' id='word_1_2' title='bbox 144 645 225 726; x_wconf 79' lang='lat' dir='ltr'>raie,</span> <span class='ocrx_word' id='word_1_3' title='bbox 250 647 399 731; x_wconf 89' lang='lat' dir='ltr'>quoniam</span> <span class='ocrx_word' id='word_1_4' title='bbox 423 647 510 710; x_wconf 87' lang='lat' dir='ltr'>lenta</span> <span class='ocrx_word' id='word_1_5' title='bbox 534 648 664 710; x_wconf 90' lang='lat' dir='ltr'>deorum</span> <span class='ocrx_word' id='word_1_6' title='bbox 681 648 729 710; x_wconf 91' lang='lat' dir='ltr'>ira</span> <span class='ocrx_word' id='word_1_7' title='bbox 746 648 788 710; x_wconf 90' lang='lat' dir='ltr'>sit</span> <span class='ocrx_word' id='word_1_8' title='bbox 804 646 866 728; x_wconf 78' lang='lat' dir='ltr'>(vv.</span> <span class='ocrx_word' id='word_1_9' title='bbox 886 648 926 710; x_wconf 87' lang='lat'>90</span> <span class='ocrx_word' id='word_1_10' title='bbox 944 648 1027 729; x_wconf 88' lang='lat' dir='ltr'>sqq.)</span> <span class='ocrx_word' id='word_1_11' title='bbox 1067 643 1206 721; x_wconf 76' lang='lat' dir='ltr'>Quarum</span> 
     </span>
    </p>
   </div>
   <div class='ocr_carea' id='block_1_3' title="bbox 57 771 1206 849">
    <p class='ocr_par' dir='ltr' id='par_1_3' title="bbox 57 771 1206 849">
     <span class='ocr_line' id='line_1_3' title="bbox 57 771 1206 849; baseline 0.001 -13"><span class='ocrx_word' id='word_1_12' title='bbox 57 819 59 824; x_wconf 83' lang='lat'><em>.</em></span> <span class='ocrx_word' id='word_1_13' title='bbox 145 773 374 848; x_wconf 80' lang='lat' dir='ltr'>sententiarum</span> <span class='ocrx_word' id='word_1_14' title='bbox 399 772 540 835; x_wconf 84' lang='lat' dir='ltr'>ordinem</span> <span class='ocrx_word' id='word_1_15' title='bbox 566 771 762 836; x_wconf 81' lang='lat' dir='ltr'>Ribbeckius</span> <span class='ocrx_word' id='word_1_16' title='bbox 787 773 833 835; x_wconf 85' lang='lat' dir='ltr'>ita</span> <span class='ocrx_word' id='word_1_17' title='bbox 856 775 979 835; x_wconf 89' lang='lat' dir='ltr'>mutare</span> <span class='ocrx_word' id='word_1_18' title='bbox 1003 772 1081 849; x_wconf 78' lang='lat' dir='ltr'>uult,</span> <span class='ocrx_word' id='word_1_19' title='bbox 1105 774 1141 834; x_wconf 91' lang='lat' dir='ltr'>ut</span> <span class='ocrx_word' id='word_1_20' title='bbox 1155 795 1206 837; x_wconf 87' lang='lat' dir='ltr'>vv.</span> 
     </span>
    </p>
   </div>
   <div class='ocr_carea' id='block_1_4' title="bbox 142 897 1208 1479">
    <p class='ocr_par' dir='ltr' id='par_1_4' title="bbox 142 897 1208 1479">
     <span class='ocr_line' id='line_1_4' title="bbox 146 897 1206 980; baseline -0.002 -20"><span class='ocrx_word' id='word_1_21' title='bbox 146 898 275 961; x_wconf 82' lang='lat'>75—85</span> <span class='ocrx_word' id='word_1_22' title='bbox 310 900 382 980; x_wconf 86' lang='lat' dir='ltr'>post</span> <span class='ocrx_word' id='word_1_23' title='bbox 404 920 454 960; x_wconf 85' lang='lat' dir='ltr'>vv.</span> <span class='ocrx_word' id='word_1_24' title='bbox 481 897 522 960; x_wconf 87' lang='grc'>86</span> <span class='ocrx_word' id='word_1_25' title='bbox 547 919 615 980; x_wconf 86' lang='lat' dir='ltr'>sqq.</span> <span class='ocrx_word' id='word_1_26' title='bbox 641 897 844 976; x_wconf 70' lang='lat' dir='ltr'>collocentur,</span> <span class='ocrx_word' id='word_1_27' title='bbox 869 897 1017 980; x_wconf 87' lang='lat' dir='ltr'>quoniam</span> <span class='ocrx_word' id='word_1_28' title='bbox 1041 919 1111 979; x_wconf 86' lang='lat' dir='ltr'>quae</span> <span class='ocrx_word' id='word_1_29' title='bbox 1135 898 1206 960; x_wconf 92' lang='lat' dir='ltr'>uni-</span> 
     </span>
     <span class='ocr_line' id='line_1_5' title="bbox 142 1021 1207 1112; baseline 0.001 -29"><span class='ocrx_word' id='word_1_30' title='bbox 142 1044 233 1085; x_wconf 88' lang='lat' dir='ltr'>verse</span> <span class='ocrx_word' id='word_1_31' title='bbox 270 1022 416 1085; x_wconf 86' lang='lat' dir='ltr'>dicantur</span> <span class='ocrx_word' id='word_1_32' title='bbox 450 1021 525 1104; x_wconf 92' lang='lat' dir='ltr'>poni</span> <span class='ocrx_word' id='word_1_33' title='bbox 557 1023 698 1109; x_wconf 86' lang='lat' dir='ltr'>debeant</span> <span class='ocrx_word' id='word_1_34' title='bbox 733 1026 805 1084; x_wconf 88' lang='lat' dir='ltr'>ante</span> <span class='ocrx_word' id='word_1_35' title='bbox 841 1043 888 1095; x_wconf 85' lang='lat' dir='ltr'>ea,</span> <span class='ocrx_word' id='word_1_36' title='bbox 925 1043 995 1104; x_wconf 91' lang='lat' dir='ltr'>quae</span> <span class='ocrx_word' id='word_1_37' title='bbox 1020 1021 1207 1112; x_wconf 84' lang='lat' dir='ltr'>nominatim</span> 
     </span>
     <span class='ocr_line' id='line_1_6' title="bbox 144 1119 1206 1230; baseline -0.002 -20"><span class='ocrx_word' id='word_1_38' title='bbox 144 1147 364 1210; x_wconf 73' lang='lat' dir='ltr'>exhibeantur.</span> <span class='ocrx_word' id='word_1_39' title='bbox 409 1119 494 1210; x_wconf 39' lang='lat' dir='ltr'>‘Mihi</span> <span class='ocrx_word' id='word_1_40' title='bbox 517 1146 647 1230; x_wconf 90' lang='lat' dir='ltr'>quidem</span> <span class='ocrx_word' id='word_1_41' title='bbox 670 1168 717 1225; x_wconf 85' lang='lat' dir='ltr'>ea,</span> <span class='ocrx_word' id='word_1_42' title='bbox 742 1167 812 1228; x_wconf 88' lang='lat' dir='ltr'>quae</span> <span class='ocrx_word' id='word_1_43' title='bbox 830 1169 879 1210; x_wconf 77' lang='lat' dir='ltr'>vu.</span> <span class='ocrx_word' id='word_1_44' title='bbox 898 1147 939 1209; x_wconf 81' lang='lat'>86</span> <span class='ocrx_word' id='word_1_45' title='bbox 956 1168 1024 1228; x_wconf 87' lang='lat' dir='ltr'><strong>sqq.</strong></span> <span class='ocrx_word' id='word_1_46' title='bbox 1042 1146 1206 1230; x_wconf 85' lang='lat' dir='ltr'>leguntur,</span> 
     </span>
     <span class='ocr_line' id='line_1_7' title="bbox 142 1271 1207 1362; baseline 0.001 -28"><span class='ocrx_word' id='word_1_47' title='bbox 142 1294 207 1334; x_wconf 91' lang='lat' dir='ltr'>non</span> <span class='ocrx_word' id='word_1_48' title='bbox 241 1271 344 1354; x_wconf 81' lang='lat' dir='ltr'>magis</span> <span class='ocrx_word' id='word_1_49' title='bbox 379 1271 526 1362; x_wconf 62' lang='lat' dir='ltr'>uniuersa</span> <span class='ocrx_word' id='word_1_50' title='bbox 550 1271 635 1333; x_wconf 88' lang='lat' dir='ltr'>diota</span> <span class='ocrx_word' id='word_1_51' title='bbox 665 1291 733 1336; x_wconf 88' lang='lat' dir='ltr'>esse</span> <span class='ocrx_word' id='word_1_52' title='bbox 758 1271 915 1346; x_wconf 85' lang='lat' dir='ltr'>videntur,</span> <span class='ocrx_word' id='word_1_53' title='bbox 940 1293 1036 1354; x_wconf 90' lang='lat' dir='ltr'>quam</span> <span class='ocrx_word' id='word_1_54' title='bbox 1060 1293 1131 1354; x_wconf 88' lang='lat' dir='ltr'>quae</span> <span class='ocrx_word' id='word_1_55' title='bbox 1156 1289 1207 1336; x_wconf 80' lang='lat' dir='ltr'>vu.</span> 
     </span>
     <span class='ocr_line' id='line_1_8' title="bbox 146 1393 1208 1479; baseline -0.001 -20"><span class='ocrx_word' id='word_1_56' title='bbox 146 1397 275 1460; x_wconf 78' lang='lat'>75-85</span> <span class='ocrx_word' id='word_1_57' title='bbox 297 1395 527 1458; x_wconf 81' lang='lat' dir='ltr'>inveniuntur.</span> <span class='ocrx_word' id='word_1_58' title='bbox 575 1393 808 1458; x_wconf 78' lang='lat' dir='ltr'>Cohaerentiam</span> <span class='ocrx_word' id='word_1_59' title='bbox 843 1416 991 1479; x_wconf 75' lang='lat' dir='ltr'>uersuum</span> <span class='ocrx_word' id='word_1_60' title='bbox 1023 1398 1054 1457; x_wconf 89' lang='lat' dir='ltr'>et</span> <span class='ocrx_word' id='word_1_61' title='bbox 1081 1400 1208 1458; x_wconf 85' lang='lat' dir='ltr'>senten-</span> 
     </span>
    </p>
   </div>
   <div class='ocr_carea' id='block_1_5' title="bbox 142 1517 1206 1602">
    <p class='ocr_par' dir='ltr' id='par_1_5' title="bbox 142 1517 1206 1602">
     <span class='ocr_line' id='line_1_9' title="bbox 142 1517 1206 1602; baseline 0 -19"><span class='ocrx_word' id='word_1_62' title='bbox 142 1519 261 1583; x_wconf 89' lang='lat' dir='ltr'>tiarum</span> <span class='ocrx_word' id='word_1_63' title='bbox 295 1517 356 1583; x_wconf 88' lang='lat' dir='ltr'>hoc</span> <span class='ocrx_word' id='word_1_64' title='bbox 391 1520 483 1583; x_wconf 92' lang='lat' dir='ltr'>modo</span> <span class='ocrx_word' id='word_1_65' title='bbox 519 1519 664 1582; x_wconf 83' lang='lat' dir='ltr'>defendo</span> <span class='ocrx_word' id='word_1_66' title='bbox 710 1517 759 1581; x_wconf 85' lang='lat' dir='ltr'>Tu</span> <span class='ocrx_word' id='word_1_67' title='bbox 793 1519 946 1602; x_wconf 74' lang='lat' dir='ltr'>quereriS,</span> <span class='ocrx_word' id='word_1_68' title='bbox 975 1519 1079 1601; x_wconf 89' lang='lat' dir='ltr'>inquit</span> <span class='ocrx_word' id='word_1_69' title='bbox 1102 1523 1206 1601; x_wconf 86' lang='lat' dir='ltr'>poeta,</span> 
     </span>
    </p>
   </div>
   <div class='ocr_carea' id='block_1_6' title="bbox 143 1644 1242 1727">
    <p class='ocr_par' dir='ltr' id='par_1_6' title="bbox 143 1644 1242 1727">
     <span class='ocr_line' id='line_1_10' title="bbox 143 1644 1242 1727; baseline -0.001 -19"><span class='ocrx_word' id='word_1_70' title='bbox 143 1645 254 1708; x_wconf 87' lang='lat' dir='ltr'>decem</span> <span class='ocrx_word' id='word_1_71' title='bbox 278 1644 425 1707; x_wconf 85' lang='lat' dir='ltr'>sestertia</span> <span class='ocrx_word' id='word_1_72' title='bbox 448 1644 637 1726; x_wconf 87' lang='lat' dir='ltr'>intercepta,</span> <span class='ocrx_word' id='word_1_73' title='bbox 662 1644 717 1706; x_wconf 83' lang='lat' dir='ltr'>sed</span> <span class='ocrx_word' id='word_1_74' title='bbox 741 1647 825 1722; x_wconf 74' lang='lat' dir='ltr'>sunt,</span> <span class='ocrx_word' id='word_1_75' title='bbox 849 1644 905 1727; x_wconf 88' lang='lat' dir='ltr'>qui</span> <span class='ocrx_word' id='word_1_76' title='bbox 921 1644 1089 1726; x_wconf 88' lang='lat' dir='ltr'>pecuniam</span> <span class='ocrx_word' id='word_1_77' title='bbox 1105 1644 1207 1707; x_wconf 90' lang='lat' dir='ltr'>multo</span> <span class='ocrx_word' id='word_1_78' title='bbox 1234 1653 1242 1668; x_wconf 90' lang='grc'><strong>”</strong></span> 
     </span>
    </p>
   </div>
   <div class='ocr_carea' id='block_1_7' title="bbox 90 1767 1253 3849">
    <p class='ocr_par' dir='ltr' id='par_1_7' title="bbox 117 1767 1253 3100">
     <span class='ocr_line' id='line_1_11' title="bbox 141 1767 1207 1857; baseline 0 -25"><span class='ocrx_word' id='word_1_79' title='bbox 141 1770 295 1832; x_wconf 85' lang='lat' dir='ltr'>maiorem</span> <span class='ocrx_word' id='word_1_80' title='bbox 330 1769 531 1852; x_wconf 86' lang='lat' dir='ltr'>perdiderint</span> <span class='ocrx_word' id='word_1_81' title='bbox 563 1768 626 1848; x_wconf 81' lang='lat' dir='ltr'>(vv.</span> <span class='ocrx_word' id='word_1_82' title='bbox 664 1769 818 1850; x_wconf 80' lang='lat'>71—74).</span> <span class='ocrx_word' id='word_1_83' title='bbox 841 1851 844 1857; x_wconf 35' lang='lat'>,</span> <span class='ocrx_word' id='word_1_84' title='bbox 865 1767 933 1851; x_wconf 78' lang='lat' dir='ltr'>Quo</span> <span class='ocrx_word' id='word_1_85' title='bbox 965 1768 1056 1832; x_wconf 90' lang='lat' dir='ltr'>modo</span> <span class='ocrx_word' id='word_1_86' title='bbox 1080 1767 1112 1832; x_wconf 92' lang='lat' dir='ltr'>id</span> <span class='ocrx_word' id='word_1_87' title='bbox 1135 1769 1207 1832; x_wconf 89' lang='lat' dir='ltr'>fieri</span> 
     </span>
     <span class='ocr_line' id='line_1_12' title="bbox 141 1869 1205 1977; baseline 0.001 -21"><span class='ocrx_word' id='word_1_88' title='bbox 141 1869 271 1977; x_wconf 82' lang='lat' dir='ltr'>potest?</span> <span class='ocrx_word' id='word_1_89' title='bbox 307 1891 468 1957; x_wconf 88' lang='lat' dir='ltr'><strong>Nimirum</strong></span> <span class='ocrx_word' id='word_1_90' title='bbox 484 1897 643 1956; x_wconf 82' lang='lat' dir='ltr'>&#39;mutuam</span> <span class='ocrx_word' id='word_1_91' title='bbox 661 1869 794 1955; x_wconf 82' lang='lat' dir='ltr'>¹sumunt</span> <span class='ocrx_word' id='word_1_92' title='bbox 818 1894 987 1975; x_wconf 88' lang='lat' dir='ltr'>pecuniam</span> <span class='ocrx_word' id='word_1_93' title='bbox 1010 1893 1205 1957; x_wconf 68' lang='lat' dir='ltr'>fraudulenti</span> 
     </span>
     <span class='ocr_line' id='line_1_13' title="bbox 141 2018 1207 2103; baseline -0.001 -22"><span class='ocrx_word' id='word_1_94' title='bbox 141 2018 297 2096; x_wconf 71' lang='lat' dir='ltr'>homineS,</span> <span class='ocrx_word' id='word_1_95' title='bbox 326 2019 381 2082; x_wconf 88' lang='lat' dir='ltr'>sed</span> <span class='ocrx_word' id='word_1_96' title='bbox 405 2041 477 2082; x_wconf 87' lang='lat' dir='ltr'>curn</span> <span class='ocrx_word' id='word_1_97' title='bbox 502 2042 521 2081; x_wconf 91' lang='lat' dir='ltr'>a</span> <span class='ocrx_word' id='word_1_98' title='bbox 545 2019 699 2081; x_wconf 81' lang='lat' dir='ltr'>creditore</span> <span class='ocrx_word' id='word_1_99' title='bbox 724 2018 889 2101; x_wconf 82' lang='lat' dir='ltr'>repetitur,</span> <span class='ocrx_word' id='word_1_100' title='bbox 914 2021 1035 2103; x_wconf 82' lang='lat' dir='ltr'>negant</span> <span class='ocrx_word' id='word_1_101' title='bbox 1059 2040 1091 2080; x_wconf 89' lang='lat' dir='ltr'>se</span> <span class='ocrx_word' id='word_1_102' title='bbox 1117 2035 1207 2081; x_wconf 58' lang='lat' dir='ltr'>acce*</span> 
     </span>
     <span class='ocr_line' id='line_1_14' title="bbox 141 2141 1207 2231; baseline 0 -25"><span class='ocrx_word' id='word_1_103' title='bbox 141 2144 237 2226; x_wconf 85' lang='lat' dir='ltr'>pisse.</span> <span class='ocrx_word' id='word_1_104' title='bbox 285 2141 355 2207; x_wconf 88' lang='lat' dir='ltr'>Itur</span> <span class='ocrx_word' id='word_1_105' title='bbox 377 2144 411 2206; x_wconf 89' lang='lat' dir='ltr'>in</span> <span class='ocrx_word' id='word_1_106' title='bbox 434 2144 501 2231; x_wconf 85' lang='lat' dir='ltr'>ius:</span> <span class='ocrx_word' id='word_1_107' title='bbox 536 2165 653 2227; x_wconf 84' lang='lat' dir='ltr'>magna</span> <span class='ocrx_word' id='word_1_108' title='bbox 676 2163 751 2205; x_wconf 83' lang='lat' dir='ltr'>voce</span> <span class='ocrx_word' id='word_1_109' title='bbox 776 2147 906 2226; x_wconf 83' lang='lat' dir='ltr'>negant,</span> <span class='ocrx_word' id='word_1_110' title='bbox 931 2143 1028 2206; x_wconf 91' lang='lat' dir='ltr'>immo</span> <span class='ocrx_word' id='word_1_111' title='bbox 1049 2143 1207 2225; x_wconf 84' lang='lat' dir='ltr'>peierant,</span> 
     </span>
     <span class='ocr_line' id='line_1_15' title="bbox 141 2266 1207 2352; baseline -0.002 -20"><span class='ocrx_word' id='word_1_112' title='bbox 141 2270 250 2332; x_wconf 89' lang='lat' dir='ltr'>iurant</span> <span class='ocrx_word' id='word_1_113' title='bbox 273 2291 331 2350; x_wconf 93' lang='lat' dir='ltr'>per</span> <span class='ocrx_word' id='word_1_114' title='bbox 355 2267 434 2332; x_wconf 83' lang='lat' dir='ltr'>Solis</span> <span class='ocrx_word' id='word_1_115' title='bbox 458 2269 575 2346; x_wconf 75' lang='lat' dir='ltr'>radice,</span> <span class='ocrx_word' id='word_1_116' title='bbox 597 2291 656 2352; x_wconf 90' lang='lat' dir='ltr'>per</span> <span class='ocrx_word' id='word_1_117' title='bbox 680 2268 825 2344; x_wconf 77' lang='lat' dir='ltr'>fulmina,</span> <span class='ocrx_word' id='word_1_118' title='bbox 850 2289 908 2350; x_wconf 90' lang='lat' dir='ltr'>per</span> <span class='ocrx_word' id='word_1_119' title='bbox 924 2290 1033 2330; x_wconf 89' lang='lat' dir='ltr'>omnes</span> <span class='ocrx_word' id='word_1_120' title='bbox 1054 2269 1126 2333; x_wconf 90' lang='lat' dir='ltr'>deos</span> <span class='ocrx_word' id='word_1_121' title='bbox 1144 2266 1207 2347; x_wconf 83' lang='lat' dir='ltr'>(vu.</span> 
     </span>
     <span class='ocr_line' id='line_1_16' title="bbox 144 2391 1209 2476; baseline -0.001 -20"><span class='ocrx_word' id='word_1_122' title='bbox 144 2393 301 2474; x_wconf 80' lang='lat'><strong>75-85).</strong></span> <span class='ocrx_word' id='word_1_123' title='bbox 341 2393 409 2467; x_wconf 74' lang='lat' dir='ltr'>Quo</span> <span class='ocrx_word' id='word_1_124' title='bbox 432 2395 524 2457; x_wconf 90' lang='lat' dir='ltr'>modo</span> <span class='ocrx_word' id='word_1_125' title='bbox 547 2394 579 2456; x_wconf 93' lang='lat' dir='ltr'>id</span> <span class='ocrx_word' id='word_1_126' title='bbox 597 2394 736 2456; x_wconf 82' lang='lat' dir='ltr'>audent?</span> <span class='ocrx_word' id='word_1_127' title='bbox 767 2392 890 2456; x_wconf 85' lang='lat' dir='ltr'>Dicam.</span> <span class='ocrx_word' id='word_1_128' title='bbox 931 2391 998 2455; x_wconf 86' lang='lat' dir='ltr'>Alii</span> <span class='ocrx_word' id='word_1_129' title='bbox 1017 2415 1078 2456; x_wconf 95' lang='lat' dir='ltr'>non</span> <span class='ocrx_word' id='word_1_130' title='bbox 1095 2395 1209 2476; x_wconf 90' lang='lat' dir='ltr'>putant</span> 
     </span>
     <span class='ocr_line' id='line_1_17' title="bbox 144 2506 1207 2601; baseline 0 -20"><span class='ocrx_word' id='word_1_131' title='bbox 144 2519 221 2581; x_wconf 88' lang='lat' dir='ltr'>deos</span> <span class='ocrx_word' id='word_1_132' title='bbox 246 2540 324 2596; x_wconf 86' lang='lat' dir='ltr'>esse,</span> <span class='ocrx_word' id='word_1_133' title='bbox 349 2518 493 2600; x_wconf 88' lang='lat' dir='ltr'>peierare</span> <span class='ocrx_word' id='word_1_134' title='bbox 512 2506 618 2601; x_wconf 84' lang='lat' dir='ltr'>igitur</span> <span class='ocrx_word' id='word_1_135' title='bbox 640 2540 704 2580; x_wconf 92' lang='lat' dir='ltr'>non</span> <span class='ocrx_word' id='word_1_136' title='bbox 729 2517 893 2593; x_wconf 78' lang='lat' dir='ltr'>dubitaut3</span> <span class='ocrx_word' id='word_1_137' title='bbox 919 2516 974 2580; x_wconf 90' lang='lat' dir='ltr'>alii</span> <span class='ocrx_word' id='word_1_138' title='bbox 997 2521 1113 2600; x_wconf 91' lang='lat' dir='ltr'>putant</span> <span class='ocrx_word' id='word_1_139' title='bbox 1130 2540 1207 2593; x_wconf 85' lang='lat' dir='ltr'>esse,</span> 
     </span>
     <span class='ocr_line' id='line_1_18' title="bbox 141 2641 1206 2725; baseline 0 -21"><span class='ocrx_word' id='word_1_140' title='bbox 141 2642 199 2704; x_wconf 89' lang='lat' dir='ltr'>sed</span> <span class='ocrx_word' id='word_1_141' title='bbox 233 2641 315 2705; x_wconf 89' lang='lat' dir='ltr'>lucri</span> <span class='ocrx_word' id='word_1_142' title='bbox 349 2645 416 2704; x_wconf 90' lang='lat' dir='ltr'>tam</span> <span class='ocrx_word' id='word_1_143' title='bbox 443 2643 550 2724; x_wconf 86' lang='lat' dir='ltr'>cupidi</span> <span class='ocrx_word' id='word_1_144' title='bbox 575 2646 658 2720; x_wconf 88' lang='lat' dir='ltr'>sunt,</span> <span class='ocrx_word' id='word_1_145' title='bbox 684 2645 718 2704; x_wconf 91' lang='lat' dir='ltr'>ut</span> <span class='ocrx_word' id='word_1_146' title='bbox 742 2663 859 2725; x_wconf 86' lang='lat' dir='ltr'>poenas</span> <span class='ocrx_word' id='word_1_147' title='bbox 884 2666 902 2706; x_wconf 91' lang='lat' dir='ltr'>a</span> <span class='ocrx_word' id='word_1_148' title='bbox 926 2642 986 2705; x_wconf 88' lang='lat' dir='ltr'>diis</span> <span class='ocrx_word' id='word_1_149' title='bbox 1009 2643 1122 2704; x_wconf 87' lang='lat' dir='ltr'>missas</span> <span class='ocrx_word' id='word_1_150' title='bbox 1146 2664 1206 2706; x_wconf 92' lang='lat' dir='ltr'>non</span> 
     </span>
     <span class='ocr_line' id='line_1_19' title="bbox 142 2765 1253 2850; baseline -0.001 -20"><span class='ocrx_word' id='word_1_151' title='bbox 142 2769 273 2841; x_wconf 79' lang='lat' dir='ltr'>curent3</span> <span class='ocrx_word' id='word_1_152' title='bbox 299 2766 353 2829; x_wconf 89' lang='lat' dir='ltr'>alii</span> <span class='ocrx_word' id='word_1_153' title='bbox 378 2767 513 2850; x_wconf 88' lang='lat' dir='ltr'>denique</span> <span class='ocrx_word' id='word_1_154' title='bbox 538 2771 668 2849; x_wconf 85' lang='lat' dir='ltr'>sperant</span> <span class='ocrx_word' id='word_1_155' title='bbox 691 2767 752 2830; x_wconf 86' lang='lat' dir='ltr'>sibi</span> <span class='ocrx_word' id='word_1_156' title='bbox 776 2767 897 2850; x_wconf 83' lang='lat' dir='ltr'>ignosci</span> <span class='ocrx_word' id='word_1_157' title='bbox 921 2789 1023 2849; x_wconf 84' lang='lat' dir='ltr'>posse.</span> <span class='ocrx_word' id='word_1_158' title='bbox 1071 2765 1138 2840; x_wconf 75' lang='lat' dir='ltr'>Quo</span> <span class='ocrx_word' id='word_1_159' title='bbox 1161 2767 1207 2843; x_wconf 86' lang='lat' dir='ltr'>fit,</span> <span class='ocrx_word' id='word_1_160' title='bbox 1250 2785 1253 2790; x_wconf 86' lang='grc'><em>·</em></span> 
     </span>
     <span class='ocr_line' id='line_1_20' title="bbox 117 2890 1208 2974; baseline -0.001 -20"><span class='ocrx_word' id='word_1_161' title='bbox 117 2901 119 2906; x_wconf 87' lang='grc'><strong>’</strong></span> <span class='ocrx_word' id='word_1_162' title='bbox 141 2893 179 2954; x_wconf 88' lang='lat' dir='ltr'>ut</span> <span class='ocrx_word' id='word_1_163' title='bbox 201 2890 236 2953; x_wconf 91' lang='lat' dir='ltr'>hi</span> <span class='ocrx_word' id='word_1_164' title='bbox 259 2912 366 2954; x_wconf 88' lang='lat' dir='ltr'>omnes</span> <span class='ocrx_word' id='word_1_165' title='bbox 390 2913 507 2974; x_wconf 86' lang='lat' dir='ltr'>magna</span> <span class='ocrx_word' id='word_1_166' title='bbox 532 2891 628 2954; x_wconf 89' lang='lat' dir='ltr'>animi</span> <span class='ocrx_word' id='word_1_167' title='bbox 653 2891 830 2954; x_wconf 86' lang='lat' dir='ltr'>constantia</span> <span class='ocrx_word' id='word_1_168' title='bbox 853 2891 969 2954; x_wconf 89' lang='lat' dir='ltr'>falsum</span> <span class='ocrx_word' id='word_1_169' title='bbox 992 2893 1098 2955; x_wconf 88' lang='lat' dir='ltr'>iurent</span> <span class='ocrx_word' id='word_1_170' title='bbox 1114 2895 1208 2974; x_wconf 90' lang='lat' dir='ltr'>atque</span> 
     </span>
     <span class='ocr_line' id='line_1_21' title="bbox 140 3015 758 3100; baseline 0.003 -22"><span class='ocrx_word' id='word_1_171' title='bbox 140 3017 189 3078; x_wconf 87' lang='lat' dir='ltr'>ita</span> <span class='ocrx_word' id='word_1_172' title='bbox 212 3015 307 3080; x_wconf 88' lang='lat' dir='ltr'>liberi</span> <span class='ocrx_word' id='word_1_173' title='bbox 331 3017 467 3078; x_wconf 85' lang='lat' dir='ltr'>evadant</span> <span class='ocrx_word' id='word_1_174' title='bbox 491 3021 553 3091; x_wconf 73' lang='lat' dir='ltr'>(vr.</span> <span class='ocrx_word' id='word_1_175' title='bbox 580 3017 758 3100; x_wconf 38' lang='lat' dir='ltr'>suffitu).</span> 
     </span>
    </p>

    <p class='ocr_par' dir='ltr' id='par_1_8' title="bbox 90 3139 1207 3474">
     <span class='ocr_line' id='line_1_22' title="bbox 250 3139 1207 3225; baseline 0.001 -22"><span class='ocrx_word' id='word_1_176' title='bbox 250 3139 403 3214; x_wconf 82' lang='lat' dir='ltr'>Quaenam</span> <span class='ocrx_word' id='word_1_177' title='bbox 425 3139 478 3204; x_wconf 91' lang='lat' dir='ltr'>hic</span> <span class='ocrx_word' id='word_1_178' title='bbox 502 3141 649 3205; x_wconf 79' lang='lat' dir='ltr'>universe</span> <span class='ocrx_word' id='word_1_179' title='bbox 674 3142 759 3204; x_wconf 91' lang='lat' dir='ltr'>dicta</span> <span class='ocrx_word' id='word_1_180' title='bbox 783 3146 864 3219; x_wconf 86' lang='lat' dir='ltr'>sunt,</span> <span class='ocrx_word' id='word_1_181' title='bbox 890 3164 1037 3225; x_wconf 87' lang='lat' dir='ltr'>quaenam</span> <span class='ocrx_word' id='word_1_182' title='bbox 1058 3141 1207 3224; x_wconf 82' lang='lat' dir='ltr'>proprie?</span> 
     </span>
     <span class='ocr_line' id='line_1_23' title="bbox 90 3265 1207 3349; baseline -0.002 -20"><span class='ocrx_word' id='word_1_183' title='bbox 90 3291 93 3294; x_wconf 92' lang='lat'>·</span> <span class='ocrx_word' id='word_1_184' title='bbox 142 3265 246 3329; x_wconf 85' lang='lat' dir='ltr'>Credo</span> <span class='ocrx_word' id='word_1_185' title='bbox 281 3265 364 3328; x_wconf 88' lang='lat' dir='ltr'>inter</span> <span class='ocrx_word' id='word_1_186' title='bbox 399 3266 476 3329; x_wconf 89' lang='lat' dir='ltr'>duos</span> <span class='ocrx_word' id='word_1_187' title='bbox 500 3267 584 3329; x_wconf 86' lang='lat' dir='ltr'>locos</span> <span class='ocrx_word' id='word_1_188' title='bbox 608 3266 653 3328; x_wconf 91' lang='lat' dir='ltr'>ita</span> <span class='ocrx_word' id='word_1_189' title='bbox 676 3289 738 3330; x_wconf 93' lang='lat' dir='ltr'>non</span> <span class='ocrx_word' id='word_1_190' title='bbox 763 3266 1022 3349; x_wconf 84' lang='lat' dir='ltr'>distinguendum</span> <span class='ocrx_word' id='word_1_191' title='bbox 1047 3287 1125 3343; x_wconf 81' lang='lat' dir='ltr'>esse,</span> <span class='ocrx_word' id='word_1_192' title='bbox 1149 3285 1207 3328; x_wconf 84' lang='lat' dir='ltr'>nec</span> 
     </span>
     <span class='ocr_line' id='line_1_24' title="bbox 141 3389 1203 3474; baseline 0 -20"><span class='ocrx_word' id='word_1_193' title='bbox 141 3389 381 3472; x_wconf 80' lang='lat' dir='ltr'>dispositionem</span> <span class='ocrx_word' id='word_1_194' title='bbox 405 3411 562 3464; x_wconf 84' lang='lat' dir='ltr'>versuum,</span> <span class='ocrx_word' id='word_1_195' title='bbox 588 3392 708 3454; x_wconf 91' lang='lat' dir='ltr'>bonam·</span> <span class='ocrx_word' id='word_1_196' title='bbox 726 3396 758 3454; x_wconf 87' lang='lat' dir='ltr'>et</span> <span class='ocrx_word' id='word_1_197' title='bbox 781 3391 989 3474; x_wconf 85' lang='lat' dir='ltr'>probabilem,</span> <span class='ocrx_word' id='word_1_198' title='bbox 1008 3391 1203 3454; x_wconf 87' lang='lat' dir='ltr'>mutandam.</span> 
     </span>
    </p>

    <p class='ocr_par' dir='ltr' id='par_1_9' title="bbox 140 3512 1209 3849">
     <span class='ocr_line' id='line_1_25' title="bbox 251 3512 1205 3580; baseline 0 -2"><span class='ocrx_word' id='word_1_199' title='bbox 251 3513 302 3578; x_wconf 82' lang='lat' dir='ltr'>Sic</span> <span class='ocrx_word' id='word_1_200' title='bbox 337 3512 520 3579; x_wconf 87' lang='lat' dir='ltr'>Iuvenalem</span> <span class='ocrx_word' id='word_1_201' title='bbox 556 3516 589 3579; x_wconf 93' lang='lat' dir='ltr'>in</span> <span class='ocrx_word' id='word_1_202' title='bbox 605 3514 678 3579; x_wconf 64' lang='lat' dir='ltr'>,hac</span> <span class='ocrx_word' id='word_1_203' title='bbox 703 3516 801 3580; x_wconf 86' lang='lat' dir='ltr'>satira</span> <span class='ocrx_word' id='word_1_204' title='bbox 825 3515 964 3579; x_wconf 87' lang='lat' dir='ltr'>dolorem</span> <span class='ocrx_word' id='word_1_205' title='bbox 987 3516 1087 3578; x_wconf 82' lang='lat' dir='ltr'>tristis</span> <span class='ocrx_word' id='word_1_206' title='bbox 1112 3516 1205 3580; x_wconf 90' lang='lat' dir='ltr'>amici</span> 
     </span>
     <span class='ocr_line' id='line_1_26' title="bbox 140 3640 1208 3719; baseline -0.001 -16"><span class='ocrx_word' id='word_1_207' title='bbox 140 3640 312 3704; x_wconf 89' lang='lat' dir='ltr'>mitissima</span> <span class='ocrx_word' id='word_1_208' title='bbox 348 3640 563 3704; x_wconf 84' lang='lat' dir='ltr'>consolatione</span> <span class='ocrx_word' id='word_1_209' title='bbox 599 3640 706 3704; x_wconf 84' lang='lat' dir='ltr'>levare</span> <span class='ocrx_word' id='word_1_210' title='bbox 741 3641 895 3719; x_wconf 86' lang='lat' dir='ltr'>videmus,</span> <span class='ocrx_word' id='word_1_211' title='bbox 926 3641 1050 3704; x_wconf 89' lang='lat' dir='ltr'>mitiore</span> <span class='ocrx_word' id='word_1_212' title='bbox 1074 3641 1208 3704; x_wconf 86' lang='lat' dir='ltr'>fortasse</span> 
     </span>
     <span class='ocr_line' id='line_1_27' title="bbox 141 3764 1209 3849; baseline -0.002 -21"><span class='ocrx_word' id='word_1_213' title='bbox 141 3787 241 3848; x_wconf 86' lang='lat' dir='ltr'>quam</span> <span class='ocrx_word' id='word_1_214' title='bbox 274 3788 335 3848; x_wconf 91' lang='lat' dir='ltr'>par</span> <span class='ocrx_word' id='word_1_215' title='bbox 370 3767 495 3828; x_wconf 85' lang='lat' dir='ltr'>eratin</span> <span class='ocrx_word' id='word_1_216' title='bbox 518 3787 556 3828; x_wconf 90' lang='lat' dir='ltr'>ea</span> <span class='ocrx_word' id='word_1_217' title='bbox 580 3766 720 3843; x_wconf 84' lang='lat' dir='ltr'>civitate,</span> <span class='ocrx_word' id='word_1_218' title='bbox 745 3765 778 3828; x_wconf 90' lang='lat' dir='ltr'>in</span> <span class='ocrx_word' id='word_1_219' title='bbox 802 3787 865 3849; x_wconf 89' lang='lat' dir='ltr'>qua</span> <span class='ocrx_word' id='word_1_220' title='bbox 888 3769 1052 3849; x_wconf 88' lang='lat' dir='ltr'>tamquam</span> <span class='ocrx_word' id='word_1_221' title='bbox 1076 3764 1209 3848; x_wconf 86' lang='lat' dir='ltr'>pestifer</span> 
     </span>
    </p>
   </div>
   <div class='ocr_carea' id='block_1_8' title="bbox 141 3889 1205 3972">
    <p class='ocr_par' dir='ltr' id='par_1_10' title="bbox 141 3889 1205 3972">
     <span class='ocr_line' id='line_1_28' title="bbox 141 3889 1205 3972; baseline -0.002 -19"><span class='ocrx_word' id='word_1_222' title='bbox 141 3891 271 3954; x_wconf 88' lang='lat' dir='ltr'>morbus</span> <span class='ocrx_word' id='word_1_223' title='bbox 307 3890 489 3972; x_wconf 84' lang='lat' dir='ltr'>corruptela</span> <span class='ocrx_word' id='word_1_224' title='bbox 516 3890 550 3953; x_wconf 92' lang='lat' dir='ltr'>in</span> <span class='ocrx_word' id='word_1_225' title='bbox 574 3891 641 3954; x_wconf 89' lang='lat' dir='ltr'>dies</span> <span class='ocrx_word' id='word_1_226' title='bbox 665 3891 760 3955; x_wconf 87' lang='lat' dir='ltr'>latius</span> <span class='ocrx_word' id='word_1_227' title='bbox 784 3894 930 3954; x_wconf 88' lang='lat' dir='ltr'>manaret</span> <span class='ocrx_word' id='word_1_228' title='bbox 953 3893 985 3953; x_wconf 91' lang='lat' dir='ltr'>et</span> <span class='ocrx_word' id='word_1_229' title='bbox 1007 3889 1205 3952; x_wconf 85' lang='lat' dir='ltr'>funderetur.</span> 
     </span>
    </p>
   </div>
   <div class='ocr_carea' id='block_1_9' title="bbox 142 4013 1313 4097">
    <p class='ocr_par' dir='ltr' id='par_1_11' title="bbox 142 4013 1313 4097">
     <span class='ocr_line' id='line_1_29' title="bbox 142 4013 1313 4097; baseline 0 -21"><span class='ocrx_word' id='word_1_230' title='bbox 142 4013 278 4097; x_wconf 80' lang='lat' dir='ltr'>Quoquo</span> <span class='ocrx_word' id='word_1_231' title='bbox 301 4015 395 4077; x_wconf 90' lang='lat' dir='ltr'>modo</span> <span class='ocrx_word' id='word_1_232' title='bbox 419 4035 456 4077; x_wconf 82' lang='lat' dir='ltr'>se·</span> <span class='ocrx_word' id='word_1_233' title='bbox 476 4036 527 4077; x_wconf 86' lang='lat' dir='ltr'>res</span> <span class='ocrx_word' id='word_1_234' title='bbox 549 4013 658 4096; x_wconf 86' lang='lat' dir='ltr'>habet,</span> <span class='ocrx_word' id='word_1_235' title='bbox 685 4013 830 4080; x_wconf 81' lang='lat' dir='ltr'>quenali</span> <span class='ocrx_word' id='word_1_236' title='bbox 846 4018 931 4079; x_wconf 88' lang='lat' dir='ltr'>certe</span> <span class='ocrx_word' id='word_1_237' title='bbox 948 4014 1034 4077; x_wconf 91' lang='lat' dir='ltr'>laudi</span> <span class='ocrx_word' id='word_1_238' title='bbox 1051 4016 1108 4091; x_wconf 88' lang='lat' dir='ltr'>est,</span> <span class='ocrx_word' id='word_1_239' title='bbox 1126 4014 1210 4096; x_wconf 92' lang='lat' dir='ltr'>quod</span> <span class='ocrx_word' id='word_1_240' title='bbox 1305 4039 1313 4060; x_wconf 43' lang='grc' dir='ltr'><strong><em>κ</em></strong></span> 
     </span>
    </p>
   </div>
   <div class='ocr_carea' id='block_1_10' title="bbox 141 4138 1210 4236">
    <p class='ocr_par' dir='ltr' id='par_1_12' title="bbox 141 4138 1210 4236">
     <span class='ocr_line' id='line_1_30' title="bbox 141 4138 1210 4236; baseline -0.002 -33"><span class='ocrx_word' id='word_1_241' title='bbox 141 4139 281 4236; x_wconf 86' lang='lat' dir='ltr'>inimicis</span> <span class='ocrx_word' id='word_1_242' title='bbox 316 4140 484 4224; x_wconf 85' lang='lat' dir='ltr'>ignoscere</span> <span class='ocrx_word' id='word_1_243' title='bbox 519 4160 614 4222; x_wconf 90' lang='lat' dir='ltr'>quam</span> <span class='ocrx_word' id='word_1_244' title='bbox 650 4142 723 4204; x_wconf 91' lang='lat' dir='ltr'>odio</span> <span class='ocrx_word' id='word_1_245' title='bbox 757 4140 955 4224; x_wconf 87' lang='lat' dir='ltr'>implacabili</span> <span class='ocrx_word' id='word_1_246' title='bbox 986 4160 1038 4202; x_wconf 88' lang='lat' dir='ltr'>eos</span> <span class='ocrx_word' id='word_1_247' title='bbox 1062 4138 1210 4222; x_wconf 87' lang='lat' dir='ltr'>persequi</span> 
     </span>
    </p>
   </div>
   <div class='ocr_carea' id='block_1_11' title="bbox 0 0 1472 4836">
    <p class='ocr_par' dir='ltr' id='par_1_13' title="bbox 0 0 1472 4836">
     <span class='ocr_line' id='line_1_31' title="bbox 0 0 1472 4836; baseline 0 0"><span class='ocrx_word' id='word_1_248' title='bbox 0 0 1472 4836; x_wconf 95' lang='lat' dir='ltr'> </span> 
     </span>
    </p>
   </div>
  </div>
 </body>
</html>
