2916 4834
734 389 906 453 -64-

399 563 468 629 lam
503 566 543 630 ad
573 566 811 649 dispositionem
840 569 945 634 satirae
968 569 1132 634 universae
1162 574 1280 638 oculos
1299 575 1349 638 fiec-

291 695 405 756 tamus.
451 691 648 756 Ribbeckius
671 691 809 774 primum
832 694 957 775 quaerit,
988 695 1094 758 sintne
1119 697 1163 759 in
1191 721 1235 763 ea
1258 723 1351 770 versus.

290 817 346 900 qui
369 817 409 880 ad
433 819 555 880 certum
579 817 706 900 aliquod
731 821 953 901 argumentum
976 821 1042 883 tam
1066 822 1262 889 manifesto
1277 827 1352 908 perti·

290 943 397 1019 neant,
433 946 468 1005 ut
496 945 621 1025 partem
650 943 822 1025 specialem
845 943 950 1007 satirae
974 932 1180 1010 constituere
1208 949 1279 1014 dici
1300 974 1354 1034 pos-

290 1066 363 1131 sint.
409 1066 593 1150 Respondet
617 1090 684 1132 esse
709 1072 741 1132 et
765 1069 861 1146 addit,
893 1068 1122 1132 cohaerentiam
1148 1071 1280 1138 horum
1302 1099 1356 1138 ver·

288 1213 381 1254 suum
416 1193 495 1256 adeo
528 1193 653 1256 firmam
688 1215 766 1272 esse,
799 1197 834 1257 ut
857 1193 957 1257 omnis
980 1195 1122 1278 negandi
1149 1198 1357 1264 dubitandive

289 1318 380 1400 copia
415 1318 612 1382 excludatur.
670 1318 847 1382 Exordium
881 1315 997 1397 satirae,
1032 1319 1149 1402 inquit,
1193 1325 1259 1388 ubi
1295 1349 1360 1389 uxor

287 1441 417 1508 Ursidio
441 1444 604 1527 quaritur,
635 1443 703 1506 sine
726 1444 792 1506 ulla
815 1444 1000 1508 difficultate
1023 1448 1153 1527 poetam
1182 1455 1361 1515 commovet

288 1568 329 1632 ad
353 1568 453 1632 circos
477 1571 509 1631 et
532 1568 659 1632 theatra
683 1568 906 1649 collustranda‚
931 1569 958 1631 si
981 1569 1027 1632 ibi
1050 1591 1190 1634 uxorem
1215 1574 1362 1639 idoneam

287 1693 370 1757 forte
394 1694 545 1757 inveniat.
592 1691 681 1756 Idem
705 1693 772 1756 fere
796 1697 844 1756 est
867 1693 1019 1757 iudicium
1043 1694 1081 1757 de
1097 1717 1149 1760 vv.
1164 1698 1361 1778 286-345,

286 1840 365 1901 quos
401 1840 529 1882 causam
564 1817 723 1901 explicare
759 1818 836 1908 dicit
868 1819 1057 1902 corruptelae
1087 1818 1362 1903 ingravescentis.

287 1940 416 2007 Scilicet
449 1943 609 2006 luxuriam
644 1965 722 2022 esse,
758 1964 829 2026 quae
864 1947 897 2006 et
930 1944 1000 2026 ipsa
1028 1945 1167 2026 pessima
1194 1947 1241 2010 sit
1270 1953 1306 2012 et
1329 1949 1363 2012 ad

286 2069 407 2132 animos
441 2067 605 2132 hominum
634 2069 852 2151 depravandos
875 2067 1082 2131 vehementer
1105 2069 1227 2150 valeat,
1257 2073 1309 2136 ita
1332 2077 1363 2136 ut

285 2193 384 2277 orgiis
407 2193 555 2256 intersint
578 2193 809 2257 scelestissimis
833 2156 899 2274 (vvi
921 2193 996 2271 301,
1021 2192 1109 2273 314).

394 2317 456 2382 Vv.
492 2318 677 2381 461—507-
699 2317 733 2380 in
767 2339 865 2380 unum
894 2316 1125 2404 complectitur,
1150 2320 1237 2401 quod
1262 2327 1362 2404 poeta

284 2444 331 2508 ibi
355 2445 393 2507 de
418 2444 506 2507 cultu
528 2432 702 2526 ornatuque
731 2442 900 2505 mulierum
922 2442 1083 2525 praecipue
1107 2447 1194 2526 agat.
1244 2444 1361 2509 Etiam

284 2592 335 2635 vv.
367 2570 539 2633 511-591
576 2591 639 2632 uno
667 2567 734 2631 fere
757 2573 866 2631 tenore
890 2567 1048 2650 profluere
1072 2568 1246 2646 contendit,
1275 2592 1361 2654 quo·
1416 2567 1417 2574 ³

283 2695 371 2758 niam
404 2695 438 2758 in
473 2677 749 2777 superstitionibus
779 2693 973 2777 castigandis
1004 2693 1141 2756 maxime
1169 2700 1355 2759 versentur.

282 2817 359 2883 Post
391 2842 421 2884 v.
459 2819 519 2884 591
558 2818 654 2882 aliam
688 2839 755 2880 esse
790 2818 1005 2881 narrationem
1045 2817 1112 2880 fere
1151 2819 1352 2898 continuam,

283 2949 402 3008 matres
425 2943 580 3027 quomodo
595 2943 629 3006 in
644 2942 760 3006 liberos
776 2942 968 3024 meritosque
985 2942 1117 3005 saeviant
1130 2941 1353 3006 exhibentem.

390 3069 506 3132 Dicere
528 3070 686 3151 praeterea
709 3087 980 3150 supervacaneum
1003 3070 1059 3144 est,
1084 3089 1156 3129 eum
1171 3066 1205 3128 in
1221 3067 1261 3129 iis
1276 3091 1356 3132 ver-

284 3193 382 3272 sibus,
415 3216 493 3277 quos
521 3214 604 3258 nunc
627 3192 868 3271 nominavimus,
892 3213 957 3254 non
980 3191 1085 3255 omnia
1107 3190 1226 3254 intacta
1250 3192 1355 3255 relin-

283 3339 391 3401 quere.
437 3317 497 3381 His
534 3319 660 3381 demum
694 3317 875 3381 constitutis
904 3315 1050 3399 partibus
1073 3315 1187 3378 transit
1211 3315 1251 3378 ad
1275 3318 1353 3380 uni-

280 3463 406 3506 versam
430 3443 535 3506 satirae
560 3443 796 3526 dispositionem
821 3446 915 3525 atque
939 3440 1085 3518 ostendit,
1102 3451 1249 3523 quaenam
1264 3441 1350 3504 vitia

284 3567 419 3651 singulis
443 3567 520 3630 locis
543 3567 773 3650 vituperentur.

390 3689 469 3754 Haec
494 3693 542 3754 est
564 3691 665 3775 igitur
689 3691 853 3774 dispositio
875 3689 1046 3755 Ribbeckii
1064 3689 1088 3772 ¹)

283 3833 496 3842 ———·---—-

392 3901 411 3972 1)
440 3902 556 3957 Numeri
584 3919 711 3957 versuum
737 3903 819 3956 huius
844 3902 1035 3972 dispositionis
1060 3901 1208 3956 Ribbeckii
1232 3901 1348 3958 suntin

281 3991 403 4048 editione
423 3992 493 4048 eius:
514 3992 546 4044 D.
566 3991 638 4046 Iunii
657 3991 797 4046 Iuvenalis
817 3997 927 4056 satura,
947 3992 1048 4062 Lipsiae
1067 3991 1255 4046 nodosum.
