2854 4828
703 405 877 470 „30-

365 580 441 656 Quae
473 603 557 646 nunc
582 581 752 665 disputavi,
777 604 814 645 ea
837 603 901 646 non
924 582 970 644 ita
993 581 1156 664 proposita
1179 586 1262 660 suut,
1284 585 1316 645 ut

259 730 277 770 a
311 729 362 770 me
399 707 574 770 desciscere
609 706 745 785 viderer,
782 728 854 770 cum
889 710 921 769 et
956 707 994 770 de
1018 707 1204 790 aequalitate
1229 711 1260 770 et
1282 707 1315 770 de

260 831 439 894 differentia
473 831 557 894 inter
591 831 713 914 priores
748 830 862 894 satiras
896 834 928 894 et
950 831 1142 913 posteriores
1165 831 1316 914 loquerer.

257 956 379 1040 Magna
406 959 455 1019 est
478 956 563 1019 enim
588 955 777 1033 differentia,
801 955 857 1018 sed
881 955 978 1018 etiam
1001 975 1121 1039 magna
1145 955 1318 1039 aequalitas,

258 1062 354 1165 quam
378 1082 405 1144 si
429 1081 609 1145 differentia
631 1081 786 1145 maiorem
807 1079 977 1163 appellem,
994 1079 1080 1143 haud
1096 1080 1161 1143 scio
1179 1102 1221 1143 an
1236 1083 1319 1144 recte

259 1207 405 1270 iudicem.
452 1205 643 1270 Differentia
677 1205 709 1268 in
746 1227 783 1269 00
819 1204 969 1283 0011111111,
1006 1205 1089 1287 quod
1124 1227 1228 1268 sermo
1260 1227 1321 1268 nou

259 1331 395 1414 amplius
434 1330 515 1394 acris
554 1335 586 1394 et
623 1329 820 1394 vehementis
858 1329 920 1394 viri
955 1332 1012 1405 est,
1048 1315 1115 1392 sed¹
1140 1329 1321 1412 philosophi

259 1459 353 1520 aetate
385 1456 529 1539 provecti
564 1460 596 1518 01
630 1477 689 1519 usu
720 1455 823 1518 edocti
847 1458 878 1518 et
902 1455 942 1518 ob
967 1477 1037 1517 eam
1061 1475 1189 1517 causam
1212 1455 1322 1517 sedate

223 1629 226 1636 .
257 1582 445 1666 placideque
469 1582 507 1644 de
532 1581 627 1644 rebus
649 1579 796 1643 humanis
823 1579 1020 1668 iudicantis
1042 1576 1221 1656 Nescimus
1245 1601 1322 1661 quos

262 1707 395 1785 dolores,
432 1727 509 1788 quas
545 1705 680 1769 fortunae
704 1703 938 1768 vicissitudines
961 1708 1057 1788 poeta
1080 1725 1250 1786 perpessus
1273 1703 1324 1781 sit,

260 1834 430 1914 antequam
450 1829 583 1913 'spiritus
604 1829 677 1893 'illos
701 1829 821 1892 feroces
836 1828 1006 1912 animique
1032 1827 1241 1892 acerbitatem
1257 1830 1324 1890 tam

259 1957 419 2038 insperata
458 1954 656 2039 mitigatione
691 1954 816 2016 leniret.
872 1951 1070 2035 Quamquam
1106 1951 1207 2015 multu
1240 1954 1324 2028 sunt,

259 2102 330 2164 quae
365 2081 451 2144 levet
486 2080 562 2144 dies,
609 2076 757 2142 Fortasse
794 2078 838 2142 ad¹
868 2065 1064 2140 senectutem
1099 2079 1202 2159 poetae
1227 2077 1325 2140 etiam

258 2203 319 2267 hoc
355 2205 498 2282 accessit,
533 2206 569 2266 ut
602 2203 636 2267 in
664 2202 810 2266 exsilium
833 2180 1027 2265 mitteretur.
1072 2198 1111 2264 111
1134 2200 1327 2264 coniecturis

259 2351 435 2394 versamur.
481 2327 661 2392 Postremae
684 2349 759 2392 vero
782 2327 897 2390 satiras
920 2326 955 2388 in
978 2325 1091 2389 exsilio
1117 2325 1214 2389 scribi
1231 2329 1327 2407 potu-

259 2455 331 2532 isse,
367 2475 407 2517 ne
442 2453 465 2516 ii
500 2453 630 2536 quidem
663 2455 793 2536 negant,
830 2433 884 2534 qui
919 2473 991 2514 cum
1019 2449 1267 2513 Friedlaendero
1294 2453 1328 2512 et

190 2565 191 2569 ¹
261 2579 443 2644 Hermanno
461 2579 485 2661 ¹)
521 2575 705 2642 Iuvenalem
727 2577 792 2640 iam
816 2599 835 2639 a
858 2575 1041 2639 Domitiano
1064 2573 1170 2658 patria
1193 2574 1326 2657 pulsum

260 2726 328 2768 esse
353 2705 549 2767 confirmant.

366 2827 530 2912 Temporis
566 2828 665 2912 igitur
688 2848 750 2890 non
773 2825 867 2888 nimis
891 2826 986 2889 breve
1011 2823 1216 2888 intervallum
1239 2822 1329 2902 inter

261 2956 321 3019 duo
345 2967 464 3038 genera
487 2953 657 3016 satirarum
681 2951 861 3036 ponendum
887 2953 945 3012 est.
985 2948 1110 3014 Genera
1133 2948 1214 3026 dice,
1230 2949 1330 3030 quasi

262 3102 362 3144 unum
387 3101 458 3142 cum
483 3077 582 3140 altero
606 3076 688 3139 nihil
711 3097 875 3140 commune
891 3074 1027 3150 habeat;
1042 3075 1117 3156 peto
1133 3075 1223 3136 utne
1240 3072 1330 3136 male

259 3204 338 3267 illud
362 3204 495 3268 verbum
518 3201 779 3284 interpretentur,
803 3199 858 3282 qui
882 3200 1002 3284 legant.
1042 3196 1159 3262 Utrum
1176 3196 1330 3260 exsilium

260 3329 293 3391 in
316 3328 349 3391 id
373 3327 575 3391 intervallum
599 3326 692 3391 cadat
715 3347 826 3402 necne,
850 3324 1008 3407 posterius
1024 3321 1213 3387 videbimus,
1252 3319 1329 3386 Iam

261 3453 301 3515 ad
324 3453 473 3535 propiora
496 3451 670 3514 veniamus.

367 3574 405 3638 In
440 3575 538 3638 satira
573 3575 697 3638 decima
731 3571 898 3637 Iuvenalis·
927 3572 965 3636 de
999 3571 1091 3650 votis,
1128 3591 1198 3653 quae
1226 3568 1331 3654 vulgo

261 3701 383 3766 faciunt
417 3698 570 3778 homines,
594 3700 733 3764 scribere
757 3697 906 3762 instituit.
953 3694 1100 3759 Ostendit
1123 3715 1161 3758 ea
1183 3693 1331 3758 maxima

262 3848 301 3890 ex
323 3827 415 3908 parte
439 3845 522 3887 vana
546 3845 613 3886 esse
637 3827 669 3887 et
691 3823 811 3904 inepta,
836 3843 931 3904 quam
955 3821 994 3884 ob
1020 3840 1088 3882 rem
1111 3818 1179 3900 ipse
1203 3817 1236 3880 in
1260 3817 1330 3882 fine

260 3948 473 3960 *ο*-

371 3999 390 4069 ¹)
411 4001 439 4055 0.
463 3999 493 4066 F.
513 4000 657 4053 Hsuunvv:
685 4000 718 4052 D.
738 3999 759 4051 I.
778 3997 918 4052 Iuvenalis
938 3996 1088 4052 satirarum
1107 3992 1174 4049 libri
1192 3992 1329 4073 quinque,

260 4091 362 4162 Lipsiae
384 4091 460 4154 1879,
479 4088 556 4158 praef.
576 4106 603 4157 p.
623 4089 656 4142 V.
