2854 4828
740 437 913 500 -52-

290 612 474 678 Alexander
498 613 610 678 deinde
633 615 739 678 subito
754 609 931 690 inducitur3
956 613 1100 677 versibus
1118 613 1156 677 de
1172 613 1226 678 illo
1242 613 1339 686 finitis,

291 739 360 802 haeo
385 739 558 802 adduntur:

829 904 908 944 mors
932 887 994 944 sola
1019 886 1141 956 fatetur,

423 1005 429 1014 ’
520 995 665 1068 quantula
689 993 748 1052 sint
770 992 924 1050 hominum
948 993 1141 1067 corpusculal

400 1170 467 1236 Iam
490 1173 619 1238 Xerxen
641 1176 675 1237 in
698 1195 833 1238 scaenam
858 1173 1032 1236 introducit
1054 1177 1160 1256 poeta,
1184 1173 1271 1236 nulla
1292 1173 1347 1236 alia

206 1335 207 1340 κ
293 1298 479 1361 transitione
515 1298 668 1378 adhibita,
704 1299 765 1361 nisi
800 1297 959 1360 sententia
993 1297 1059 1376 illa,
1084 1320 1147 1379 qua
1170 1319 1278 1361 versus
1300 1298 1349 1380 qui

293 1425 368 1486 sunt
392 1422 429 1485 de
454 1421 559 1486 Xerxe
584 1425 624 1487 ab
648 1424 687 1486 iis
711 1426 910 1506 separantur,
935 1422 989 1505 qui
1014 1425 1088 1485 sunt
1105 1423 1143 1485 de
1160 1421 1347 1485 Alexandro.

297 1546 404 1632 Atque
439 1551 510 1631 post
544 1571 595 1613 vv.
632 1549 805 1612 173-186
832 1547 968 1611 similem
992 1547 1185 1610 sententiam
1209 1547 1277 1610 iure
1300 1569 1350 1610 ex-

296 1676 439 1754 spectes3
475 1673 572 1735 immo
606 1695 643 1736 eo
678 1672 798 1736 maiore
832 1673 911 1749 iure,
947 1671 1030 1754 quod
1058 1670 1199 1734 hicnon
1222 1671 1352 1736 modoii

294 1817 415 1875 versus,
453 1797 507 1879 qui
541 1801 615 1861 sunt
645 1798 683 1860 de
707 1795 823 1874 Xerxe,
848 1795 944 1859 finem
968 1795 1109 1877 capiunt,
1134 1795 1189 1858 sed
1212 1798 1280 1860 tota
1302 1795 1353 1858 illa

296 1922 334 1984 de
369 1921 496 2005 magnis
530 1921 776 2004 imperatoribus
800 1941 874 2002 pars
898 1919 1015 1990 satirae,
1062 1917 1154 1982 Nihil
1178 1941 1253 1984 vero
1276 1920 1354 2002 apud

296 2041 481 2119 Iuvenalem
504 2045 651 2109 usitatius
675 2027 742 2108 esse
767 2066 862 2127 quam
886 2044 953 2106 eius
970 2043 1054 2107 modi
1070 2043 1245 2107 sententias
1262 2065 1354 2128 gene-

295 2170 389 2247 rales
413 2169 485 2252 plus
508 2170 617 2232 semel
631 2169 924 2232 demonstravimus.
963 2166 1011 2231 Re
1036 2189 1112 2231 vera
1132 2189 1228 2250 quem
1243 2167 1354 2251 quaeri-

297 2315 367 2356 mus
392 2297 496 2356 exstat
518 2316 638 2358 versus.
685 2293 754 2356 Est.
778 2315 808 2356 v.
836 2294 915 2357 187:

479 2462 531 2518 has
555 2461 664 2518 totiens
688 2462 792 2535 optata
817 2457 914 2534 exegit
936 2458 1032 2534 gloria
1055 2462 1183 2533 poenas!

300 2622 365 2687 Ofr.
390 2620 448 2688 VI.
474 2625 552 2687 626:

428 2772 506 2829 tanti
528 2775 632 2846 partus
657 2789 751 2844 equae,
777 2770 853 2827 tanti
876 2789 936 2827 una
960 2769 1089 2827 venefica
1113 2773 1245 2828 constat!

301 2923 392 2989 XIII.
419 2926 498 3012 208:
527 2932 580 2988 has
603 2931 719 3006 patitur
742 2949 851 3006 poenas
875 2930 1014 3006 peeoandi
1038 2931 1100 2994 sola
1124 2931 1264 2988 voluntas
1279 2929 1304 3002 1)

406 3103 475 3168 Hoo
499 3104 537 3167 de
562 3103 768 3186 dispositione
793 3103 976 3179 constituta,
1001 3104 1172 3185 antequam
1196 3101 1361 3188 progredi-

301 3253 402 3307 amur,
437 3227 558 3312 aliquid
589 3229 751 3307 addamne,
776 3228 860 3310 quod
885 3227 1140 3306 declamatorem,
1164 3249 1259 3310 quem
1285 3227 1362 3292 hano

301 3409 513 3416 ——-——-——-

412 3513 430 3580 ¹)
452 3515 624 3581 Quamquam
645 3529 879 3580 supervacaneum
899 3510 987 3564 videri
1001 3513 1102 3579 potest,
1116 3509 1170 3564 duo
1184 3527 1279 3564 versus
1293 3528 1363 3590 aece-

302 3603 380 3665 dant,
407 3603 454 3670 qui
473 3603 548 3670 apud
567 3601 637 3656 alios
657 3601 767 3669 quidem
788 3601 935 3669 scriptores
954 3599 1093 3668 leguntur,
1115 3599 1161 3654 sed
1180 3617 1316 3668 magnam
1334 3617 1363 3653 ex

303 3691 379 3746 omni
406 3693 487 3760 parte
514 3690 727 3744 similitudinem
756 3690 881 3759 praebent
910 3708 971 3742 eum
1000 3689 1042 3751 iis,
1071 3706 1139 3756 quos
1168 3706 1252 3758 supra
1278 3687 1361 3759 posui.

303 3781 383 3835 Alter
402 3785 445 3834 est
463 3779 624 3834 notissimus
644 3780 693 3834 ille
714 3779 810 3844 (Vnae.
831 3779 897 3832 Aen.
917 3778 939 3831 l.
959 3778 1020 3845 33):

499 3895 575 3940 tantae
595 3894 670 3939 molis
690 3895 745 3938 erat
763 3894 902 3939 Romanam
921 3893 1029 3937 condere
1048 3893 1161 3950 gentem!

304 4011 384 4066 Alter
402 4012 515 4066 Lucrina.
535 4013 556 4065 Ι.
578 4013 644 4066 101:

499 4128 599 4172 tantum
617 4127 708 4183 religio
727 4125 814 4184 potnit
833 4125 941 4170 suadere
959 4125 1097 4171 maloruml
