2916 4834
591 391 766 502 -u-
883 395 885 404 ’

140 616 204 680 His
245 617 283 680 de
318 601 467 680 universa
501 617 599 681 satira
635 617 740 682 allatis
767 619 938 682 transimus
967 619 1007 682 ad
1029 622 1148 701 partes,
1172 641 1212 682 ex
1261 667 1263 675 ,

140 743 259 826 quibus
284 745 416 822 constat,
447 741 600 828 singulas
647 742 788 819 Quarum
812 766 858 823 ea,
883 767 979 827 quam
1002 745 1139 828 primam
1162 745 1222 809 ‹ii-1

140 868 259 947 ximus
283 889 346 932 non
368 867 469 932 multa
491 867 591 934 habet
614 869 712 954 digna
734 870 905 934 mentione.

250 991 330 1057 Cum
353 997 448 1075 poeta
472 1015 524 1058 eos
548 967 783 1074 commemorat,
810 997 865 1079 qai
889 973 1001 1059 Cucios
1016 997 1167 1059 simularat
1182 1003 1210 1059 et

140 1117 357 1186 Bacchanalia
386 1121 503 1198 vivuat,
533 1121 598 1182 tres
622 1121 712 1183 notas
737 1120 801 1199 dat,
826 1119 941 1202 quibus
965 1107 1113 1206 cognosci
1136 1143 1210 1205 pose

141 1243 217 1323 sint,
234 1230 446 1323 inscientiam,
463 1243 601 1308 frontem
616 1244 740 1325 falsam,
757 1265 934 1308 sermonem
950 1267 1071 1323 rarum3
1094 1247 1207 1310 deinde

142 1366 343 1432 Peribomius
377 1371 410 1432 et
433 1369 488 1452 qui
511 1372 585 1432 sunt
608 1369 674 1433 eius
699 1371 824 1454 generis
849 1374 1059 1453 opponuntur.
1106 1371 1208 1436 Tran-

139 1492 239 1554 simus
274 1494 372 1560 verba
406 1493 563 1572 Laronia,
597 1494 637 1557 'de
673 1495 787 1577 quibus
816 1495 893 1578 quid
918 1517 1118 1559 censeremus
1141 1497 1205 1561 ianr

140 1637 240 1699 supra
264 1617 410 1680 diximus
430 1617 454 1699 ¹)

171 1726 176 1740 ¹
249 1741 451 1805 Difficiliores
475 1765 585 1807 versus
609 1746 682 1806 sunt
706 1740 868 1809 64-148.
916 1744 1089 1809 Confirmat
1112 1750 1207 1830 poeta

137 1867 239 1930 verba
269 1866 414 1931 Laroniae
439 1871 534 1951 atque
558 1868 628 1951 ipse
650 1871 715 1932 tres
739 1871 829 1932 notas
852 1891 949 1934 novas
974 1871 1072 1936 addit.
1120 1869 1205 1946 Qua-

138 2013 212 2056 rum
241 1991 345 2074 prima
375 1991 438 2074 (vv.
469 1991 612 2074 65-81)
637 2015 688 2057 eos
712 1993 883 2078 significat,
908 1995 963 2078 qui
985 1995 1129 2059 multicia
1152 2018 1206 2059 su-

138 2120 239 2181 mant.
287 2114 376 2207 Quod
411 2117 525 2182 vitium
558 2118 702 2200 quamvis
736 2117 929 2182 horrendum
956 2120 1007 2198 sit,
1032 2123 1141 2184 tamen
1165 2122 1204 2185 ab

138 2241 178 2304 iis
202 2242 347 2325 superari
371 2241 458 2322 dicit,
482 2243 538 2325 qui
560 2243 650 2328 orgia
673 2241 770 2307 Bonae
794 2243 872 2308 Deae
897 2245 1060 2309 celebrent
1081 2244 1144 2328 (vv.
1163 2247 1203 2310 82

139 2366 284 2464 -116)..
318 2366 394 2430 Post
416 2369 632 2432 narrationem
655 2369 808 2433 eiusmodi
832 2369 906 2432 festi
929 2370 1097 2455 fastigium
1115 2393 1203 2434 sum·

135 2515 226 2556 mum
247 2491 364 2556 vilitati
387 2493 526 2556 virorum
552 2493 734 2576 impositum
761 2516 829 2559 esse
856 2496 1011 2575 crederes
1037 2497 1093 2560 sed
1107 2500 1204 2580 poeta

138 2617 241 2680 scelus
264 2617 396 2680 tertium
419 2617 516 2696 addit,
541 2619 714 2682 maximum
737 2619 805 2682 sine
830 2620 925 2684 dubio
941 2624 974 2684 et
989 2621 1202 2706 flagitiosissi-
1256 2701 1261 2710 .

138 2764 239 2844 mum:
272 2741 411 2806 virorum
435 2763 507 2805 cum
529 2742 606 2807 viris
630 2744 758 2826 nuptias
782 2742 845 2826 (vv.
872 2744 1070 2829 ila-142).
1117 2747 1202 2812 Lon-

138 2866 211 2950 gius
240 2867 281 2930 iri
311 2889 373 2930 non
395 2888 498 2949 posse,
522 2867 593 2950 quis
617 2889 680 2931 non
702 2868 809 2932 videt?
855 2867 1009 2942 Attamen
1030 2871 1065 2938 in
1089 2871 1202 2936 editio·
1283 2850 1285 2863 ὗ

136 2991 231 3066 nibus
254 2993 325 3073 post
347 3015 377 3056 v.
403 2991 465 3054 142
491 2991 612 3074 aliquot
635 3014 744 3056 versus
768 2992 929 3078 leguntur,
955 2995 1070 3077 quibus
1091 3017 1202 3080 pugna

137 3113 275 3179 Gracchi
297 3116 331 3178 in
355 3138 451 3180 arena
476 3120 752 3182 commemoratur:
777 3121 888 3181 tenues
912 3118 960 3181 illi
976 3141 1034 3182 nec
1051 3143 1202 3204 umquam

137 3263 157 3302 a
179 3242 274 3323 poeta
296 3239 356 3304 hoo
379 3241 449 3305 loco
470 3240 593 3306 inserti.
639 3241 812 3326 Postquam
834 3265 910 3307 vero
934 3242 1149 3310 aRibbeokio
1165 3245 1200 3328 (l.

249 3416 268 3484 ¹)
288 3418 431 3494 Addamus
449 3420 545 3472 tamen
564 3417 672 3486 aliquid
691 3419 727 3472 ad
746 3438 771 3474 v.
784 3420 827 3474 43.
856 3422 1034 3474 Heinrichr'as
1047 3419 1201 3487 (Commen-

134 3508 182 3560 tar
199 3525 232 3559 zu
250 3506 379 3560 Iuvenals
399 3505 516 3571 Satiren,
536 3509 616 3561 Bonn
637 3508 704 3561 1839
722 3526 749 3577 p.
769 3509 814 3576 96)
834 3508 957 3562 subitam
976 3512 1005 3563 et
1018 3509 1200 3578 improvisam

134 3593 331 3649 transitionem
358 3595 405 3649 hic
433 3613 450 3649 a
476 3596 597 3650 Laronia
622 3597 727 3651 factam
753 3615 811 3652 esse
834 3597 912 3660 dicit,
932 3599 979 3652 sed
999 3615 1060 3666 quae
1080 3598 1122 3652 ira
1141 3599 1200 3654 eius

134 3687 288 3739 excusetur.
332 3683 405 3738 Mira
432 3702 510 3750 sane;
537 3703 627 3754 neque
655 3685 729 3740 enim
754 3686 821 3740 hoco
836 3686 967 3741 transitio
987 3687 1139 3756 improvisa
1157 3692 1201 3744 est

133 3777 199 3844 post
217 3792 243 3827 v.
263 3773 296 3826 37
316 3776 345 3828 et
363 3791 426 3828 cum
444 3773 535 3828 ironia
553 3775 674 3844 quadam
687 3793 731 3828 vv.
743 3775 849 3828 41-42
862 3778 928 3844 apte
941 3774 1107 3831 inseruntur.
1138 3778 1199 3832 Huc

133 3862 252 3926 accedit,
271 3863 345 3932 quod
363 3863 483 3918 Laronia
501 3863 617 3918 minime
636 3863 759 3918 omnium
778 3863 821 3917 ira
840 3867 979 3918 commota
998 3864 1076 3920 dicit.
1114 3865 1199 3920 Gfrv.

133 3952 182 4006 38:
201 3956 286 4020 atque
304 3952 347 4006 ita
365 3952 517 4008 subridens.
554 3952 655 4007 Melius
674 3952 823 4021 Rupertius
843 3952 958 4019 (Comm.
978 3972 1005 4022 p.
1020 3953 1078 4020 74):
1097 3955 1126 4008 L.
1141 3972 1198 4008 non

132 4040 208 4094 dixit
225 4039 300 4095 irata
318 4041 337 4093 l.
356 4039 576 4113 indignabunda.
596 4041 645 4095 sed
663 4041 799 4095 cavillans
819 4044 847 4095 et
865 4040 987 4095 ludibrio
1007 4059 1070 4096 eum
1082 4043 1198 4097 habens.

133 4127 319 4198 Quaecumque
338 4128 413 4182 enim
431 4129 579 4198 respondet
598 4125 739 4199 εἰρωνικῶς
758 4129 838 4184 dixit.

1075 4238 1092 4291 2
