2916 4834
591 414 766 473 ..51-

142 587 229 669 apud
251 582 435 667 quenalem
457 586 672 664 inveniuntur,
708 587 763 670 qui
785 609 849 651 non
872 590 959 659 amat
982 587 1017 651 in
1040 608 1092 651 eos
1115 586 1210 650 nimis

140 711 244 775 multa
277 710 372 776 simul
406 711 561 776 conferre.
607 711 713 776 Possis
747 714 855 774 tamen
889 711 973 775 inter
1006 733 1040 775 se
1064 711 1209 776 conferre

139 836 292 921 prologos
315 835 435 919 quintae
460 839 492 900 et
515 839 612 900 sextae
637 836 818 914 satirarum,
843 857 916 900 cum
938 837 973 900 in
996 835 1057 900 hac
1081 857 1207 920 quoque

140 957 238 1043 poeta
261 961 364 1024 simile
388 961 468 1044 quid
487 963 642 1044 praestare
666 961 824 1026 videatur.
842 959 867 1042 1)

248 1084 421 1170 Prologum
456 1088 563 1149 autem
586 1085 692 1149 satirae
716 1084 747 1149 V
771 1085 941 1169 duplicem,
965 1088 1001 1149 ut
1024 1085 1070 1150 ita
1094 1086 1209 1167 dicam,

140 1231 222 1289 esse,
254 1209 307 1273 vel
336 1232 376 1273 ex
400 1231 437 1274 co
459 1210 606 1295 intellegi
628 1212 742 1293 potest,
767 1210 851 1293 quod
873 1210 944 1293 ipsa
968 1232 1056 1289 cena,
1081 1210 1121 1274 de
1144 1232 1208 1296 qua

137 1333 344 1436 potissimum
378 1335 412 1398 in
445 1333 506 1398 hac
541 1335 640 1398 satira
675 1335 792 1420 agitur,
821 1357 883 1398 non
905 1334 994 1419 prius
1018 1335 1210 1399 describitur

140 1480 240 1542 quam
261 1482 293 1523 v.
317 1460 369 1523 24.
416 1458 493 1534 Quae
518 1459 710 1523 antecedunt
737 1459 844 1524 omnia
867 1460 907 1523 ad
929 1459 1101 1544 prologum
1123 1459 1207 1523 refe·
1268 1485 1272 1504 ¹

140 1583 257 1646 renda'
275 1586 358 1662 sunt,
393 1584 427 1648 id
460 1584 543 1667 quod
577 1584 630 1647 vel
664 1584 735 1666 ipsa
757 1583 917 1648 sententia
939 1585 1016 1647 satis
1040 1583 1209 1648 manifesto

138 1708 272 1773 indicat.
329 1707 448 1783 Quodsi
481 1709 649 1812 prologum
684 1707 843 1792 duplicem
877 1693 1035 1787 vocamus,
1069 1707 1144 1779 hoc,
1163 1709 1209 1774 ita
1244 1747 1249 1758 ·

42 1845 44 1848 ’
138 1832 289 1918 intellegi
322 1855 387 1896 non
422 1833 526 1913 debet,
561 1836 726 1916 tamquam
760 1833 787 1895 si
821 1833 923 1915 possit
947 1832 1028 1896 alter
1051 1832 1118 1896 sinc
1142 1833 1207 1898 ullo

139 1957 332 2020 detrimento
356 1957 463 2022 adimi.
509 1955 652 2040 Uterque
677 1978 750 2020 cum
773 1957 873 2020 altero
897 1956 1019 2040 aliquid
1041 1978 1204 2022 commune

137 2081 255 2147 habet:
291 2082 447 2165 posterior
482 2082 580 2146 artius
613 2082 720 2165 priore
745 2103 813 2144 sese
838 2079 878 2144 ad
901 2082 1069 2146 materiam
1091 2103 1206 2166 propo-

138 2207 237 2270 sitam
271 2206 422 2290 applicat,
457 2206 652 2289 minimeque
686 2205 827 2270 omnium
851 2206 979 2270 credere
1002 2205 1088 2286 licet,
1112 2202 1206 2270 Iuve-

136 2330 246 2395 nalem
270 2333 346 2396 duos
370 2331 535 2414 scripsisse
557 2331 717 2416 prologos,
741 2333 778 2394 ut
800 2330 966 2416 ingenium
990 2334 1085 2414 atque
1103 2332 1206 2394 artem
1266 2381 1270 2388 .

136 2478 231 2519 suam
252 2456 443 2520 venditaret.

246 2579 408 2656 Quomodo
439 2581 523 2644 inter
556 2602 590 2644 se
625 2579 807 2644 cohaerent?
852 2579 962 2659 Poeta,
1000 2601 1142 2643 sermone
1171 2580 1204 2643 in

114 2705 244 2789 'priore
278 2708 370 2789 parte
404 2704 515 2769 habito
550 2706 587 2769 de
617 2705 730 2768 animis
753 2704 878 2788 pusillis
901 2705 1125 2788 parasitorum,
1149 2704 1205 2788 qui

134 2851 265 2914 panem,
301 2829 426 2893 etiamsi
461 2851 532 2894 cum
556 2830 755 2894 contumeliis
777 2829 972 2914 porrigatur,
996 2828 1147 2893 libentius
1170 2828 1204 2892 in

134 2955 291 3020 conviviis
314 2958 520 3037 patronorum
543 2954 711 3037 accipiant,
731 2976 827 3038 quam
849 2953 883 3017 in
906 2953 1056 3037 pontibus
1078 2951 1204 3016 miseri·

131 3079 281 3144 cordiam
313 3079 577 3162 praetereuntium
609 3079 789 3162 implorent,
824 3077 884 3142 hoc
906 3078 1001 3142 modo
1023 3077 1140 3141 transit
1163 3077 1203 3141 ad

131 3207 264 3288 partem
286 3204 495 3287 posteriorem

266 3406 363 3482 primo
385 3405 443 3481 fige
464 3407 541 3476 loca,
566 3405 647 3481 quod
669 3409 706 3464 tu
729 3405 912 3463 discumbere
935 3403 1032 3463 iussus

266 3513 432 3570 mercedem
454 3513 579 3572 solidam
601 3515 738 3571 veterum
762 3511 841 3587 capis
865 3510 1038 3582 officiorum,

246 3825 266 3893 ¹)
285 3827 319 3880 ln
336 3825 453 3895 prologo
471 3825 518 3878 VI.
538 3825 632 3880 satirae
649 3824 771 3895 primum
786 3841 875 3879 sermo
893 3827 936 3880 cst
954 3823 989 3879 dc
1007 3823 1124 3893 antiqua
1143 3841 1202 3878 mn·

130 3917 236 3972 liemm
262 3915 409 3984 pudicitia,
435 3914 535 3969 deinde
566 3918 651 3984 poeta
677 3913 781 3968 transit
807 3914 844 3968 ad
866 3913 1075 3978 ostendendum,
1095 3915 1200 3982 quanto

128 4005 235 4060 melius
261 4005 410 4059 Postumus
436 4004 549 4067 faceret,
576 4003 601 4056 si
628 4003 728 4058 caelebs
753 4019 812 4057 csse
838 4020 894 4056 non
917 4001 1062 4057 desineret.
1100 4002 1201 4056 Postea

128 4094 208 4150 vitia
226 4092 375 4148 muliemm
393 4095 593 4148 enumerantur
610 4092 687 4147 (inde
705 4110 723 4146 a
740 4109 767 4146 v.
787 4093 833 4145 60:
851 4089 1043 4160 porticibasne
1061 4089 1115 4144 titi
1134 4089 1199 4157 cet.)
