2854 4828
287 583 542 647 emendationem
565 581 748 650 Heinrichii
770 604 832 650 non
857 585 1048 664 desiderant,
1071 585 1127 668 qui
1150 588 1278 648 tantum
1294 608 1347 668 pro

286 707 368 772 tanti
391 707 472 792 legit
495 709 528 769 et
550 707 655 772 locum
677 711 723 774 ita
747 711 902 794 explicat:
927 731 998 794 quae
1022 710 1179 792 praeclara
1202 714 1290 788 sunt,
1315 733 1346 774 ea

285 854 409 916 quoque
444 853 608 915 prospera,
644 835 718 898 dum
754 836 846 898 modo
879 855 1029 898 mensura
1063 835 1221 898 malorum
1245 856 1287 898 ne
1311 835 1347 896 sit

285 958 397 1022 maior.
436 955 499 1020 Sed
523 953 680 1022 Iuvenalis
705 983 751 1039 ea,
776 981 847 1042 quae
863 959 960 1043 vulgo
974 959 1131 1041 praeclara
1147 963 1180 1022 01
1195 981 1346 1043 prospera

284 1081 454 1160 habentur,
478 1082 604 1147 omniuo
626 1106 687 1148 non
712 1085 914 1167 comprobat:
944 1104 1014 1166 quae
1039 1084 1194 1166 praeclara
1218 1089 1251 1147 et
1274 1107 1345 1168 pro·

285 1229 380 1290 spera
413 1205 495 1270 tanti
530 1211 612 1284 sunt,
648 1213 683 1272 ut
717 1230 867 1272 mensura
901 1208 1056 1272 malorum
1090 1231 1149 1291 par
1176 1209 1218 1272 sit
1253 1210 1345 1273 rebus

283 1333 389 1398 laetis?
424 1329 557 1414 Semper
592 1317 677 1398 euim
702 1355 851 1398 mensura
874 1333 1030 1398 malorum
1053 1333 1087 1396 in
1109 1332 1160 1396 his
1184 1334 1344 1416 praeelaris

284 1462 316 1520 01
340 1455 500 1541 prosperis
523 1459 617 1522 rebus
641 1459 743 1522 maior
766 1461 823 1521 est.
871 1456 973 1532 Quam
995 1459 1035 1522 ob
1060 1479 1128 1520 rem
1151 1459 1266 1522 suadet
1289 1457 1341 1522 ho

283 1582 433 1657 minibus,
457 1584 493 1643 ut
515 1582 669 1663 praeclara
686 1583 747 1646 ista
762 1585 795 1645 et
810 1603 971 1665 prospera,
988 1582 1097 1665 qualia
1112 1585 1186 1646 sunt
1201 1583 1342 1665 potentia

283 1711 354 1785 cet,
379 1710 542 1787 tamquam
566 1707 718 1789 pestifera
741 1707 878 1791 fugiant.
918 1707 970 1770 Ad
994 1707 1261 1772 constructionem
1289 1707 1340 1770 cfr.

282 1829 552 1896 11118-110.
584 1821 585 1830 ‘
848 1801 850 1804 ’

390 1954 497 2018 Caesar
530 1979 559 2020 v.
597 1959 659 2021 109
688 1956 872 2020 circuitione
896 1957 1034 2038 quadarn
1057 1956 1249 2022 nominatur.
1297 1957 1340 2020 Ea

281 2081 384 2145 forma
407 2076 567 2146 Iuvenalis
589 2103 674 2164 saepe
699 2082 815 2145 utitur:
841 2078 866 2144 l.
892 2083 944 2160 20,
969 2081 1021 2160 25,
1046 2078 1088 2144 Il.
1115 2083 1189 2160 125,
1212 2079 1273 2147 III.
1292 2084 1339 2156 91,

284 2205 358 2284 137,
387 2205 458 2281 139,
493 2203 565 2270 XII.
591 2209 622 2286 4,
657 2203 748 2269 XIII.
775 2206 848 2270 185.
894 2204 1043 2270 Weiseus
1067 2205 1214 2288 exempla
1238 2207 1339 2270 omnia

282 2326 489 2393 Iuvenaliana
513 2334 677 2395 enumerat
692 2327 729 2408 ¹),
754 2330 860 2394 omisit
883 2334 990 2394 tamen
1013 2326 1101 2393 XVI.
1127 2332 1157 2394 6.

389 2452 502 2518 Totam
536 2478 606 2520 eam
641 2460 766 2539 partam
800 2455 917 2531 satirae,
953 2477 1023 2536 quae
1059 2457 1107 2518 est
1131 2454 1169 2517 de
1193 2454 1337 2537 periculis

282 2578 432 2660 potentiae
469 2583 501 2642 01
535 2580 768 2658 dominationis,
803 2583 898 2663 poeta
930 2600 1018 2644 more
1042 2601 1097 2642 suo
1110 2561 1192 2642 'finit
1216 2581 1336 2642 senten-

282 2703 360 2765 tiam
396 2704 549 2783 addendo,
585 2725 655 2789 quae
691 2704 789 2768 verba
825 2703 946 2786 aliquot
980 2703 1158 2787 generatim
1190 2708 1336 2786 usurpata

282 2826 430 2892 continet.

387 2950 455 3017 Iam
490 2954 530 3016 ad
558 2953 774 3037 eloquentiam
797 2953 912 3016 transit
935 2952 998 3034 (vv.
1025 2950 1332 3026 114-132).1uve-
1404 3015 1405 3020 ,

280 3078 385 3142 nalem
419 3077 645 3142 Demosthenis
681 3081 713 3141 01
748 3077 908 3142 Ciceronis
936 3054 1136 3154 ‘mentionem
1158 3075 1212 3139 hio
1236 3077 1332 3140 facere

171 3245 173 3248 -
280 3202 476 3268 Ribbeckius
500 3181 671 3286 vituperat,
695 3225 755 3266 non
780 3202 862 3284 quod
887 3201 1040 3265 erraverit
1055 3204 1159 3284 poeta,
1176 3223 1251 3266 nam
1265 3221 1332 3264 vera

279 3331 352 3390 sunt
375 3351 446 3413 quae
471 3330 706 3406 commemorat,
729 3327 784 3388 sed
800 3324 998 3390 Ribbeckius
1014 3325 1141 3389 omnino
1157 3347 1222 3390 non
1238 3327 1333 3409 potest

279 3453 425 3536 probare,
450 3452 596 3535 exempla
620 3473 659 3515 ex
682 3450 814 3517 historia
838 3451 940 3534 petita
955 3450 1050 3534 longe
1068 3450 1131 3514 alia
1148 3451 1231 3533 apud
1248 3447 1331 3512 luve-

278 3576 384 3640 nalem
409 3580 502 3660 atque
527 3577 611 3659 apud
636 3576 879 3639 declamatorem
904 3574 994 3638 illurn
1018 3566 1097 3654 esse,
1122 3596 1217 3657 quem
1233 3576 1331 3658 poste·
1403 3667 1404 3682 χ

278 3701 376 3764 riores
411 3701 525 3764 satiras
560 3700 774 3783 composuisse
810 3699 966 3763 adfirmat.
1025 3697 1121 3782 Apud
1155 3697 1331 3763 Iuvenalem

1104 3793 1112 3822 4

278 3826 363 3890 enim
397 3848 435 3888 ea
467 3825 604 3888 maxime
628 3825 774 3908 exempla
796 3824 962 3901 nominari,
987 3846 1120 3906 quorum
1144 3826 1229 3908 apud
1253 3824 1330 3888 cives

387 4092 406 4160 ¹)
427 4093 520 4145 Wnrsn
539 4092 557 4145 l.
578 4092 595 4144 l.
615 4110 660 4160 pp.
681 4091 795 4144 35-36.
