2930 4836
145 633 232 715 quod
256 632 416 698 causalem
435 633 701 717 significationem
717 634 776 696 n'on
794 633 923 714 habere,
941 635 995 698 sed
1012 634 1097 702 idem
1114 641 1210 722 atque

146 758 275 840 aliquod
308 757 426 835 valere,
461 757 566 821 facere
601 779 664 821 non
687 779 824 842 possum,
849 759 925 842 quin
948 760 1008 823 hcc
1032 765 1117 826 certe
1141 761 1212 826 loco
1312 798 1316 856 ᾗ

144 882 237 945 iilam
271 881 446 961 meliorem,
482 883 564 964 quod
600 883 654 960 aii,
689 881 859 947 lectionem
895 859 984 948 codd.
1021 905 1044 944 ω
1079 886 1211 952 minoris

146 1007 312 1070 aestimem.
348 1004 447 1070 Immo
471 1007 565 1090 plane
582 1028 709 1071 necesse
727 1011 775 1071 est
789 1008 969 1088 lectionem,
986 1032 1056 1092 quae
1075 1015 1122 1074 est
1138 1034 1211 1096 quo,

146 1131 298 1210 retinere,
320 1137 356 1196 ut
370 1155 420 1196 vv.
439 1133 569 1196 53-54
586 1133 670 1195 inter
686 1154 718 1195 se
736 1133 918 1196 cohaereant
934 1139 966 1198 et
981 1139 1016 1199 ui
1031 1158 1060 1198 r.
1079 1137 1120 1200 54
1138 1159 1213 1200 cau·
1250 1115 1265 1206 Ι.

147 1279 218 1320 sam
233 1257 322 1320 nobis
339 1257 492 1339 piabant,
510 1277 566 1321 cur
582 1257 770 1339 improbitas
782 1258 837 1322 illo
850 1280 916 1323 aero
929 1260 1092 1324 rarissima
1104 1261 1211 1326 fuerit.

148 1379 251 1444 Poeta
275 1381 359 1444 enim
376 1381 480 1444 dicere
496 1382 575 1460 vult,
592 1383 829 1464 improbiiatem
844 1383 988 1467 ignotam
1005 1385 1112 1461 fuisse,
1130 1387 1214 1468 quod

148 1505 231 1569 albor
266 1505 401 1569 alterum
435 1485 557 1575 summa
590 1507 769 1570 reverentia
792 1490 1047 1591 prodequeretur.
1094 1509 1214 1593 siquo
1308 1541 1311 1551 ’

150 1629 316 1706 abicimuS,
340 1631 420 1693 miro
443 1631 535 1694 modo
559 1654 588 1696 r.
614 1632 655 1694 54
679 1633 913 1714 praecedenIem
935 1655 1062 1696 versum
1083 1635 1213 1718 excipit.

259 1753 319 1818 Vv.
338 1756 468 1819 60—70
486 1757 715 1820 abundantiam
731 1758 889 1839 quandam
906 1757 1104 1838 habentsssed
1117 1782 1212 1842 quam
1312 1775 1315 1783 “
1410 1813 1412 1828 .

87 1891 91 1896 ’
148 1882 251 1962 poetae
287 1881 464 1943 condonare
497 1882 664 1962 possimne,
689 1903 760 1944 cum
783 1883 888 1946 iocoso
911 1905 1028 1965 genere
1053 1885 1213 1948 scribendi
1247 1867 1262 1890 ’ἵ

148 2008 268 2082 uiator,
292 2026 394 2088 neque
420 2007 468 2068 est
492 2027 547 2068 cur
571 2005 767 2070 Ribbeokius
785 2005 809 2088 ¹)
833 2006 1214 2072 vv.120-123sat.ss.

150 2129 243 2210 quasi
266 2129 412 2192 meliores
437 2151 508 2192 cum
531 2130 594 2193 illis
619 2131 778 2204 conferat:
803 2131 884 2194 hanc
902 2132 1013 2195 saltem
1030 2133 1213 2196 libertatem

148 2257 254 2336 poetae
292 2227 502 2333 concedimus
537 2259 572 2318 ut
608 2278 774 2319 numerum
807 2278 956 2320 versuum
991 2279 1046 2320 suo
1081 2258 1215 2321 arbitrio
1273 2273 1293 2288 ¹*

151 2382 269 2462 augeat
287 2379 499 2443 deminuatre.
529 2378 690 2444 Praeterea
705 2404 756 2445 vv.
775 2381 905 2446 60—70
921 2381 1046 2445 molesti
1062 2403 1124 2446 non
1141 2386 1216 2446 sunt

151 2505 206 2565 aui
241 2502 353 2566 iisdem
388 2504 583 2588 imaginibus
607 2505 732 2588 repleti,
757 2509 789 2569 ei
812 2507 896 2588 quod
920 2507 959 2569 ad
985 2507 1213 2570 abundantiam
1278 2547 1281 2552 -

150 2628 240 2690 illam
276 2652 294 2692 a
322 2628 500 2693 Ribbeckio
534 2631 747 2714 vituperaiam
772 2631 896 2710 attinet,
922 2626 1005 2716 apud
1029 2630 1213 2696 Iuvenalem

151 2775 189 2816 ea
213 2775 297 2837 saepe
322 2755 468 2818 occurrit.
516 2753 581 2820 cfr.
606 2752 665 2821 III.
691 2756 831 2834 26-33,
855 2755 895 2819 Χ.
922 2758 1095 2821 220-232
1121 2757 1162 2822 al.

259 2875 296 2941 In
319 2879 368 2953 iis,
393 2902 463 2962 quae
485 2903 535 2943 vv.
554 2881 704 2944 71-119
723 2880 933 2960 continentur,
951 2881 1052 2944 mulia
1068 2882 1216 2964 exempla
1322 2891 1326 2901 “

151 3003 318 3067 rhetoricae
343 3001 503 3068 Iuvenalis
528 3005 703 3088 disciplinae
720 3005 873 3079 videmuS,
891 3028 962 3089 quae
981 3006 1126 3088 exempla
1143 3028 1214 3070 cum

152 3129 224 3192 aliis
247 3128 323 3193 Iocis
347 3129 411 3192 iam
435 3130 730 3208 examinaverimus,
751 3151 835 3194 nuno
850 3131 960 3214 paucis
977 3134 1099 3194 tantum
1118 3132 1217 3194 attin·

152 3275 275 3337 gemus
310 3252 351 3318 V.
378 3255 418 3318 72
442 3255 589 3318 transitio
610 3255 646 3317 fit
661 3277 719 3338 per
738 3256 916 3334 formulam,
934 3277 1004 3338 quae
1022 3259 1070 3319 est
1085 3256 1161 3338 quid
1178 3257 1216 3321 ai,

153 3377 218 3442 cfr.
242 3375 334 3441 VIII.
361 3379 550 3443 183-1842

261 3527 332 3602 quid
355 3527 380 3584 si
403 3547 566 3603 numquam
591 3528 663 3586 adeo
688 3528 779 3586 foedIs
804 3529 935 3602 adeoque
959 3529 1104 3603 pudendis

259 3633 374 3692 utimur
397 3633 545 3709 exemplis,
570 3637 686 3693 utnon
710 3635 809 3710 peiora
833 3635 1003 3709 supersint'?

152 3787 297 3870 UIroque
331 3787 400 3851 loco
434 3787 639 3870 amplificatio
663 3791 719 3851 est.
767 3787 807 3852 V.
833 3788 874 3851 76
899 3788 983 3865 idem
1007 3789 1086 3852 illud
1110 3789 1217 3870 aspice

153 3888 352 3990 offendimus,
388 3912 472 3995 quod
506 3913 638 3976 verbum
673 3917 845 3996 usurpatur
878 3914 976 3978 etiam
1010 3913 1049 3977 V.
1076 3915 1127 3991 80,
1156 3910 1214 3976 VI.

156 4127 161 4141 '
264 4142 283 4209 ¹)
304 4143 423 4196 amau<
442 4143 460 4196 1.
481 4142 499 4195 1.
518 4161 544 4211 p.
565 4142 607 4195 34.
