2854 4828
566 433 576 454 -,
696 396 893 460 -100—

260 577 477 641 ministrandis
502 598 535 640 se
560 576 678 639 scelere
702 579 734 638 et
757 574 879 658 rapinis
903 573 1063 638 abstinere
1087 594 1150 635 non
1169 574 1331 654 poterant,

166 777 167 784 ἵ
218 719 224 733 “
260 703 294 766 in
330 703 471 778 animum
505 701 627 765 inducit
660 701 754 783 plura
788 699 940 783 nequitias
974 698 1141 764 hominum
1175 696 1334 761 nobilium

152 809 162 908 Ἀ
262 828 408 910 exempla
443 827 605 911 colligere,
642 825 816 889 domestica
850 824 983 902 scilicet,
1014 845 1088 886 cum
1118 823 1247 886 omnino
1269 845 1335 886 non

262 975 340 1036 opus
365 955 449 1016 esset
473 973 510 1015 ea
533 952 612 1015 foris
636 952 756 1034 petere.
803 947 917 1032 ltaque
940 949 1118 1014 Lateranus
1142 949 1176 1010 in
1192 968 1335 1012 scaenam

261 1077 423 1140 inducitur
446 1075 510 1159 (vv.
536 1074 734 1156 llo-182),
758 1077 830 1158 post
854 1096 927 1137 eum
949 1072 1166 1156 Damasippus
1183 1072 1249 1155 (vv.
1268 1073 1333 1135 183

138 1234 145 1251 x
267 1203 400 1284 498),
446 1200 749 1286 Flagitiosissimum
777 1203 884 1263 autem
907 1199 1089 1281 exemplum
1113 1199 1161 1262 est
1184 1174 1336 1274 Gracchi,

264 1327 353 1414 cuius
387 1327 422 1390 in
457 1349 553 1390 arena
589 1348 662 1390 cum
696 1329 838 1389 secutore
874 1346 992 1409 pugnae
1028 1324 1099 1388 odio
1128 1322 1338 1387 acerbissimo

268 1454 363 1535 poeta
397 1452 591 1516 mentionem
619 1451 699 1514 facit
726 1449 790 1532 (vv.
816 1447 1014 1532 ltu-210).
1060 1447 1225 1512 Postremo
1249 1444 1339 1510 Nero

265 1577 333 1661 ipse
358 1580 431 1640 ante
454 1576 596 1642 tribunal
618 1580 749 1640 vocatur
772 1573 836 1658 (vv.
861 1574 1061 1657 all—230).

373 1700 412 1765 In
446 1705 590 1765 extrema
625 1702 724 1764 satira
758 1699 822 1783 (vv.
854 1699 1044 1782 231—268)
1075 1697 1249 1778 Iuvenalis
1275 1719 1338 1782 quo

267 1827 439 1891 atrociores
474 1827 498 1889 ii
531 1826 677 1890 homines
707 1826 885 1903 videantur,
915 1846 994 1908 quos
1022 1825 1057 1887 in
1079 1825 1238 1907 prioribus
1264 1844 1337 1888 ver-

267 1953 354 2016 sibus
377 1951 468 2015 nobis
492 1951 640 2030 ostendit,
665 1950 832 2014 nonnullos
855 1949 1009 2028 nominat,
1034 1949 1089 2032 qui
1113 1950 1259 2032 quamvis
1277 1949 1337 2013 hu-

268 2075 337 2139 mili
359 2076 429 2140 loco
454 2075 516 2140 orti
538 2098 653 2139 nomen
674 2075 843 2139 honestum
867 2075 952 2158 apud
968 2079 1110 2158 posteros
1126 2073 1258 2138 habent.
1302 2071 1339 2136 In

272 2200 397 2285 epilogo
421 2191 484 2281 (vi.
509 2167 698 2282 acb—275)
722 2201 805 2264 redit
828 2201 868 2264 ad
892 2223 939 2279 ea,
964 2221 1035 2284 quae
1051 2203 1120 2264 tota
1136 2200 1236 2264 satira
1253 2197 1339 2264 Pon-

273 2324 374 2388 ticum
409 2324 584 2389 admonuit:
620 2325 702 2390 nihil
735 2326 889 2390 interesse
924 2347 1046 2388 summo
1075 2317 1125 2388 an‘
1138 2324 1248 2388 infimo
1272 2325 1340 2389 loco

269 2450 338 2512 nati
360 2448 467 2525 simus,
493 2450 660 2513 dummodo
683 2449 814 2513 honeste
837 2449 899 2532 ipsi
922 2449 1077 2514 vivamus.

376 2573 456 2638 Haec
491 2575 665 2657 dispositio,
701 2575 845 2657 quamvis
880 2597 945 2638 non
974 2578 1042 2638 tam
1071 2579 1219 2639 accurata
1242 2597 1339 2658 quam

272 2719 319 2777 ea,
343 2720 414 2781 quae
437 2699 471 2762 in
495 2699 592 2762 satira
615 2698 752 2782 septima
775 2699 861 2762 facta
885 2702 942 2779 est,
960 2703 1069 2763 tamen
1084 2701 1337 2784 laudari-potest,

273 2823 411 2886 maxime
450 2824 533 2906 quod
566 2827 662 2906 poeta
697 2847 716 2888 a
749 2825 885 2888 materia
919 2825 1081 2908 proposita
1116 2848 1178 2889 non
1212 2826 1339 2912 longius

273 2948 415 3026 discedit,
451 2970 548 3031 quam
581 2952 618 3012 ut
652 2950 692 3012 ad
727 2972 798 3013 earn
833 2950 908 3012 data
941 2951 1105 3014 occasione
1140 2932 1259 3014 reverti
1292 2951 1340 3016 fa-

275 3073 335 3137 cile
358 3073 467 3157 possit.

382 3197 513 3262 Constat
547 3201 703 3281 praeterea
737 3200 844 3282 plures
879 3199 914 3262 in
941 3200 1024 3263 hano
1048 3199 1178 3262 satiram
1202 3200 1339 3284 impetus

274 3321 373 3408 factos
404 3345 588 3406 essequam
611 3325 646 3387 in
667 3325 817 3408 priorem,
842 3347 924 3408 quae,
948 3328 984 3388 ut
1006 3325 1153 3404 vidimus
1177 3347 1242 3390 non
1266 3347 1339 3410 gra-

276 3447 359 3511 viter
382 3447 565 3530 vituperata
588 3452 645 3514 est.
693 3448 809 3524 Quales
832 3445 915 3512 hi
890 3454 954 3513 smt
940 3449 1061 3513 tinfra
1084 3451 1273 3515 videbimus.

384 3569 449 3636 Sat.
484 3570 617 3637 Vlll.'
608 3575 770 3658 incipita
793 3575 1040 3660 totinterr'ogat
1041 3574 1223 3654 ionibusu
1223 3576 1340 3639 tnihil

276 3718 428 3780 umquam
458 3697 524 3761 ulla
548 3719 587 3760 ex
609 3701 701 3781 parte
725 3700 828 3763 simile
853 3701 937 3784 apud
961 3698 1146 3764 quenalem
1167 3701 1339 3766 rideamus.

276 3818 424 3884 Proxime
447 3823 556 3885 tamen
579 3823 618 3886 ad
641 3823 700 3887 hoc
725 3823 891 3888 exordium
913 3825 946 3888 id
970 3826 1102 3905 accedit,
1126 3827 1210 3909 quod
1233 3827 1338 3890 insat.

278 3942 304 4009 I.
328 3944 492 4010 habemus.
543 3944 604 4021 Qui
627 3970 702 4013 vero
732 3946 916 4013 Iuvenalem
939 3950 1029 4036 legit,
1053 3951 1080 4014 is
1103 3951 1138 4014 in
1160 3933 1340 4016 huiusmodi

279 4069 544 4155 interrogationes
580 4074 646 4135 tam
681 4095 765 4156 saepe
800 4075 923 4154 incidit,
953 4078 989 4138 ut
1018 4076 1134 4140 mirum
1157 4076 1259 4140 videri
1282 4099 1341 4141 non
