<?xml version="1.0" encoding="UTF-8"?>
<!DOCTYPE html PUBLIC "-//W3C//DTD XHTML 1.0 Transitional//EN"
    "http://www.w3.org/TR/xhtml1/DTD/xhtml1-transitional.dtd">
<html xmlns="http://www.w3.org/1999/xhtml" xml:lang="en" lang="en">
 <head>
  <title>
</title>
<meta http-equiv="Content-Type" content="text/html;charset=utf-8" />
  <meta name='ocr-system' content='tesseract 3.04.00' />
  <meta name='ocr-capabilities' content='ocr_page ocr_carea ocr_par ocr_line ocrx_word'/>
</head>
<body>
  <div class='ocr_page' id='page_1' title='image "./deargumentidisp00grylgoog_0229.png"; bbox 0 0 2930 4836; ppageno 0'>
   <div class='ocr_carea' id='block_1_1' title="bbox 396 312 485 368">
    <p class='ocr_par' dir='ltr' id='par_1_1' title="bbox 396 312 485 368">
     <span class='ocr_line' id='line_1_1' title="bbox 396 312 485 368; baseline 0.022 -2"><span class='ocrx_word' id='word_1_1' title='bbox 396 312 485 368; x_wconf 48' lang='lat' dir='ltr'><strong>‘s¹</strong></span> 
     </span>
    </p>
   </div>
   <div class='ocr_carea' id='block_1_2' title="bbox 749 383 944 500">
    <p class='ocr_par' dir='ltr' id='par_1_2' title="bbox 749 383 944 500">
     <span class='ocr_line' id='line_1_2' title="bbox 749 383 944 500; baseline 0.005 -1"><span class='ocrx_word' id='word_1_2' title='bbox 749 383 796 482; x_wconf 32' lang='lat' dir='ltr'><strong>-i</strong></span> <span class='ocrx_word' id='word_1_3' title='bbox 816 437 878 500; x_wconf 87' lang='lat'><strong>110</strong></span> <span class='ocrx_word' id='word_1_4' title='bbox 904 473 944 482; x_wconf 89' lang='lat'><em>-</em></span> 
     </span>
    </p>
   </div>
   <div class='ocr_carea' id='block_1_3' title="bbox 316 594 1372 1967">
    <p class='ocr_par' dir='ltr' id='par_1_3' title="bbox 316 594 1372 1967">
     <span class='ocr_line' id='line_1_3' title="bbox 316 594 1366 700; baseline -0.005 -19"><span class='ocrx_word' id='word_1_5' title='bbox 316 614 412 700; x_wconf 85' lang='lat' dir='ltr'><strong>poeta</strong></span> <span class='ocrx_word' id='word_1_6' title='bbox 446 615 514 680; x_wconf 88' lang='lat' dir='ltr'><strong>haec</strong></span> <span class='ocrx_word' id='word_1_7' title='bbox 549 618 667 700; x_wconf 83' lang='lat' dir='ltr'><strong>scripta</strong></span> <span class='ocrx_word' id='word_1_8' title='bbox 703 637 769 679; x_wconf 83' lang='lat' dir='ltr'><strong>esse</strong></span> <span class='ocrx_word' id='word_1_9' title='bbox 805 614 977 680; x_wconf 82' lang='lat' dir='ltr'>concedere</span> <span class='ocrx_word' id='word_1_10' title='bbox 1007 637 1168 699; x_wconf 82' lang='lat' dir='ltr'><strong>cogamur.</strong></span> <span class='ocrx_word' id='word_1_11' title='bbox 1214 594 1308 689; x_wconf 80' lang='lat' dir='ltr'><strong>Quein</strong></span> <span class='ocrx_word' id='word_1_12' title='bbox 1329 614 1366 676; x_wconf 89' lang='lat' dir='ltr'><strong>ad</strong></span> 
     </span>
     <span class='ocr_line' id='line_1_4' title="bbox 317 723 1368 826; baseline -0.001 -21"><span class='ocrx_word' id='word_1_13' title='bbox 317 743 445 815; x_wconf 86' lang='lat' dir='ltr'><strong>modum</strong></span> <span class='ocrx_word' id='word_1_14' title='bbox 479 742 512 804; x_wconf 93' lang='lat' dir='ltr'><strong>in</strong></span> <span class='ocrx_word' id='word_1_15' title='bbox 548 741 675 805; x_wconf 84' lang='lat' dir='ltr'><strong>exordio</strong></span> <span class='ocrx_word' id='word_1_16' title='bbox 699 741 805 804; x_wconf 88' lang='lat' dir='ltr'><strong>satirae</strong></span> <span class='ocrx_word' id='word_1_17' title='bbox 829 723 926 804; x_wconf 77' lang='lat' dir='ltr'><strong>seirtae</strong></span> <span class='ocrx_word' id='word_1_18' title='bbox 952 740 989 804; x_wconf 88' lang='lat' dir='ltr'><strong>de</strong></span> <span class='ocrx_word' id='word_1_19' title='bbox 1013 741 1167 824; x_wconf 73' lang='lat' dir='ltr'><strong>pudicitia</strong></span> <span class='ocrx_word' id='word_1_20' title='bbox 1192 741 1303 826; x_wconf 83' lang='lat' dir='ltr'><strong>agitur,</strong></span> <span class='ocrx_word' id='word_1_21' title='bbox 1323 741 1368 804; x_wconf 86' lang='lat' dir='ltr'><strong>ita</strong></span> 
     </span>
     <span class='ocr_line' id='line_1_5' title="bbox 318 857 1367 950; baseline -0.001 -21"><span class='ocrx_word' id='word_1_22' title='bbox 318 866 419 932; x_wconf 89' lang='lat' dir='ltr'><strong>altero</strong></span> <span class='ocrx_word' id='word_1_23' title='bbox 442 868 511 931; x_wconf 88' lang='lat' dir='ltr'><strong>loco</strong></span> <span class='ocrx_word' id='word_1_24' title='bbox 536 857 773 949; x_wconf 46' lang='lat' dir='ltr'><strong>de&#39;probitate3</strong></span> <span class='ocrx_word' id='word_1_25' title='bbox 797 865 849 929; x_wconf 89' lang='lat' dir='ltr'><strong>hic</strong></span> <span class='ocrx_word' id='word_1_26' title='bbox 870 869 966 948; x_wconf 87' lang='lat' dir='ltr'><strong>poeta</strong></span> <span class='ocrx_word' id='word_1_27' title='bbox 990 866 1028 930; x_wconf 94' lang='lat' dir='ltr'><strong>de</strong></span> <span class='ocrx_word' id='word_1_28' title='bbox 1051 866 1241 950; x_wconf 81' lang='lat' dir='ltr'><strong>virguncula</strong></span> <span class='ocrx_word' id='word_1_29' title='bbox 1258 865 1367 930; x_wconf 88' lang='lat' dir='ltr'><strong>Iunone</strong></span> 
     </span>
     <span class='ocr_line' id='line_1_6' title="bbox 317 989 1369 1074; baseline -0.001 -20"><span class='ocrx_word' id='word_1_30' title='bbox 317 992 449 1069; x_wconf 75' lang='lat' dir='ltr'><strong>iocatur,</strong></span> <span class='ocrx_word' id='word_1_31' title='bbox 485 992 551 1054; x_wconf 92' lang='lat' dir='ltr'><strong>illic</strong></span> <span class='ocrx_word' id='word_1_32' title='bbox 575 993 614 1054; x_wconf 92' lang='lat' dir='ltr'><strong>de</strong></span> <span class='ocrx_word' id='word_1_33' title='bbox 637 989 711 1055; x_wconf 89' lang='lat' dir='ltr'><strong>love</strong></span> <span class='ocrx_word' id='word_1_34' title='bbox 734 991 872 1054; x_wconf 90' lang='lat' dir='ltr'><strong>nondum</strong></span> <span class='ocrx_word' id='word_1_35' title='bbox 896 991 1040 1069; x_wconf 66' lang='lat' dir='ltr'><strong>barbata</strong></span> <span class='ocrx_word' id='word_1_36' title='bbox 1065 989 1219 1054; x_wconf 85' lang='lat' dir='ltr'><strong>Saturnus</strong></span> <span class='ocrx_word' id='word_1_37' title='bbox 1243 995 1369 1074; x_wconf 85' lang='lat' dir='ltr'><strong>utroque</strong></span> 
     </span>
     <span class='ocr_line' id='line_1_7' title="bbox 318 1113 1370 1198; baseline -0.001 -19"><span class='ocrx_word' id='word_1_38' title='bbox 318 1116 387 1180; x_wconf 91' lang='lat' dir='ltr'><strong>loco</strong></span> <span class='ocrx_word' id='word_1_39' title='bbox 424 1117 568 1180; x_wconf 90' lang='lat' dir='ltr'><strong>diadema</strong></span> <span class='ocrx_word' id='word_1_40' title='bbox 603 1117 743 1179; x_wconf 91' lang='lat' dir='ltr'><strong>nondum</strong></span> <span class='ocrx_word' id='word_1_41' title='bbox 777 1116 893 1198; x_wconf 83' lang='lat' dir='ltr'><strong>posuit,</strong></span> <span class='ocrx_word' id='word_1_42' title='bbox 929 1115 1096 1178; x_wconf 86' lang='lat' dir='ltr'><strong>cavillatur</strong></span> <span class='ocrx_word' id='word_1_43' title='bbox 1123 1113 1282 1180; x_wconf 85' lang='lat' dir='ltr'><strong>luvenalis</strong></span> <span class='ocrx_word' id='word_1_44' title='bbox 1303 1137 1370 1179; x_wconf 91' lang='lat' dir='ltr'><strong>cum</strong></span> 
     </span>
     <span class='ocr_line' id='line_1_8' title="bbox 319 1239 1369 1324; baseline -0.003 -20"><span class='ocrx_word' id='word_1_45' title='bbox 319 1242 378 1304; x_wconf 80' lang='lat' dir='ltr'><strong>diis</strong></span> <span class='ocrx_word' id='word_1_46' title='bbox 410 1245 441 1305; x_wconf 93' lang='lat' dir='ltr'><strong>et</strong></span> <span class='ocrx_word' id='word_1_47' title='bbox 465 1243 599 1318; x_wconf 82' lang='lat' dir='ltr'><strong>deabus3</strong></span> <span class='ocrx_word' id='word_1_48' title='bbox 634 1241 710 1324; x_wconf 89' lang='lat' dir='ltr'><strong>quin</strong></span> <span class='ocrx_word' id='word_1_49' title='bbox 734 1241 830 1304; x_wconf 86' lang='lat' dir='ltr'><strong>etiam</strong></span> <span class='ocrx_word' id='word_1_50' title='bbox 854 1243 886 1302; x_wconf 89' lang='lat' dir='ltr'><strong>et</strong></span> <span class='ocrx_word' id='word_1_51' title='bbox 909 1239 962 1302; x_wconf 89' lang='lat' dir='ltr'><strong>hio</strong></span> <span class='ocrx_word' id='word_1_52' title='bbox 986 1244 1018 1303; x_wconf 91' lang='lat' dir='ltr'><strong>et</strong></span> <span class='ocrx_word' id='word_1_53' title='bbox 1040 1240 1107 1304; x_wconf 88' lang='lat' dir='ltr'><strong>illio</strong></span> <span class='ocrx_word' id='word_1_54' title='bbox 1130 1240 1264 1324; x_wconf 82' lang='lat' dir='ltr'>glandes</span> <span class='ocrx_word' id='word_1_55' title='bbox 1286 1241 1369 1304; x_wconf 87' lang='lat' dir='ltr'><strong>cibus</strong></span> 
     </span>
     <span class='ocr_line' id='line_1_9' title="bbox 316 1354 1370 1449; baseline -0.002 -20"><span class='ocrx_word' id='word_1_56' title='bbox 316 1354 514 1449; x_wconf 41' lang='lat' dir='ltr'><strong>praecipuus&#39;</strong></span> <span class='ocrx_word' id='word_1_57' title='bbox 539 1367 665 1429; x_wconf 91' lang='lat' dir='ltr'><strong>illorum</strong></span> <span class='ocrx_word' id='word_1_58' title='bbox 694 1370 870 1447; x_wconf 88' lang='lat' dir='ltr'><strong>temporum</strong></span> <span class='ocrx_word' id='word_1_59' title='bbox 895 1364 1075 1428; x_wconf 87' lang='lat' dir='ltr'><strong>hominibus</strong></span> <span class='ocrx_word' id='word_1_60' title='bbox 1099 1365 1196 1428; x_wconf 82' lang='lat' dir='ltr'><strong>fuisse</strong></span> <span class='ocrx_word' id='word_1_61' title='bbox 1221 1365 1370 1430; x_wconf 83' lang='lat' dir='ltr'><strong>dicuntur.</strong></span> 
     </span>
     <span class='ocr_line' id='line_1_10' title="bbox 317 1487 1370 1574; baseline -0.003 -19"><span class='ocrx_word' id='word_1_62' title='bbox 317 1489 430 1574; x_wconf 89' lang='lat' dir='ltr'>Neque</span> <span class='ocrx_word' id='word_1_63' title='bbox 448 1487 572 1554; x_wconf 73' lang='lat' dir='ltr'><strong>&#39;tamen</strong></span> <span class='ocrx_word' id='word_1_64' title='bbox 607 1489 734 1574; x_wconf 83' lang='lat' dir='ltr'><strong>singula</strong></span> <span class='ocrx_word' id='word_1_65' title='bbox 768 1491 866 1553; x_wconf 87' lang='lat' dir='ltr'><strong>verba</strong></span> <span class='ocrx_word' id='word_1_66' title='bbox 900 1493 1024 1554; x_wconf 85' lang='lat' dir='ltr'><strong>tantum</strong></span> <span class='ocrx_word' id='word_1_67' title='bbox 1048 1492 1080 1552; x_wconf 90' lang='lat' dir='ltr'><strong>et</strong></span> <span class='ocrx_word' id='word_1_68' title='bbox 1104 1489 1268 1552; x_wconf 88' lang='lat' dir='ltr'><strong>enuntiata</strong></span> <span class='ocrx_word' id='word_1_69' title='bbox 1290 1511 1370 1552; x_wconf 87' lang='lat' dir='ltr'><strong>oom-</strong></span> 
     </span>
     <span class='ocr_line' id='line_1_11' title="bbox 318 1613 1372 1698; baseline -0.004 -20"><span class='ocrx_word' id='word_1_70' title='bbox 318 1617 426 1679; x_wconf 83' lang='lat' dir='ltr'><strong>munia</strong></span> <span class='ocrx_word' id='word_1_71' title='bbox 449 1638 533 1698; x_wconf 84' lang='lat' dir='ltr'><strong>saepe</strong></span> <span class='ocrx_word' id='word_1_72' title='bbox 558 1619 641 1696; x_wconf 84' lang='lat' dir='ltr'><strong>sunt,</strong></span> <span class='ocrx_word' id='word_1_73' title='bbox 665 1616 720 1677; x_wconf 86' lang='lat' dir='ltr'><strong>sed</strong></span> <span class='ocrx_word' id='word_1_74' title='bbox 743 1614 869 1678; x_wconf 88' lang='lat' dir='ltr'><strong>omnino</strong></span> <span class='ocrx_word' id='word_1_75' title='bbox 892 1617 978 1676; x_wconf 85' lang='lat' dir='ltr'><strong>totus</strong></span> <span class='ocrx_word' id='word_1_76' title='bbox 1002 1613 1055 1676; x_wconf 92' lang='lat' dir='ltr'><strong>ille</strong></span> <span class='ocrx_word' id='word_1_77' title='bbox 1081 1614 1176 1690; x_wconf 82' lang='lat' dir='ltr'><strong>color,</strong></span> <span class='ocrx_word' id='word_1_78' title='bbox 1201 1636 1263 1696; x_wconf 92' lang='lat' dir='ltr'><strong>quo</strong></span> <span class='ocrx_word' id='word_1_79' title='bbox 1277 1615 1372 1676; x_wconf 88' lang='lat' dir='ltr'><strong>ut&#39;tur</strong></span> 
     </span>
     <span class='ocr_line' id='line_1_12' title="bbox 317 1737 1371 1824; baseline -0.005 -19"><span class='ocrx_word' id='word_1_80' title='bbox 317 1745 411 1824; x_wconf 85' lang='lat' dir='ltr'><strong>poeta</strong></span> <span class='ocrx_word' id='word_1_81' title='bbox 445 1742 478 1804; x_wconf 88' lang='lat' dir='ltr'><strong>in</strong></span> <span class='ocrx_word' id='word_1_82' title='bbox 511 1740 700 1822; x_wconf 72' lang='lat' dir='ltr'><strong>antiquitate</strong></span> <span class='ocrx_word' id='word_1_83' title='bbox 725 1738 936 1823; x_wconf 81' lang='lat' dir='ltr'><strong>depingenda,</strong></span> <span class='ocrx_word' id='word_1_84' title='bbox 960 1760 1088 1821; x_wconf 83' lang='lat' dir='ltr'><strong>prorsus</strong></span> <span class='ocrx_word' id='word_1_85' title='bbox 1111 1737 1196 1802; x_wconf 90' lang='lat' dir='ltr'><strong>idem</strong></span> <span class='ocrx_word' id='word_1_86' title='bbox 1219 1743 1267 1801; x_wconf 88' lang='lat' dir='ltr'><strong>est</strong></span> <span class='ocrx_word' id='word_1_87' title='bbox 1289 1738 1371 1801; x_wconf 84' lang='lat' dir='ltr'><strong>simi-</strong></span> 
     </span>
     <span class='ocr_line' id='line_1_13' title="bbox 317 1866 778 1967; baseline -0.009 -37"><span class='ocrx_word' id='word_1_88' title='bbox 317 1867 404 1949; x_wconf 87' lang='lat' dir='ltr'><strong>lique</strong></span> <span class='ocrx_word' id='word_1_89' title='bbox 427 1866 548 1930; x_wconf 89' lang='lat' dir='ltr'><strong>ratione</strong></span> <span class='ocrx_word' id='word_1_90' title='bbox 573 1869 778 1967; x_wconf 72' lang='lat' dir='ltr'><strong>temperatur.</strong></span> 
     </span>
    </p>
   </div>
   <div class='ocr_carea' id='block_1_4' title="bbox 424 1987 1371 2072">
    <p class='ocr_par' dir='ltr' id='par_1_4' title="bbox 424 1987 1371 2072">
     <span class='ocr_line' id='line_1_14' title="bbox 424 1987 1371 2072; baseline -0.005 -19"><span class='ocrx_word' id='word_1_91' title='bbox 424 1990 484 2066; x_wconf 79' lang='lat' dir='ltr'><strong>Qui</strong></span> <span class='ocrx_word' id='word_1_92' title='bbox 508 1990 615 2054; x_wconf 86' lang='lat' dir='ltr'><strong>satiris</strong></span> <span class='ocrx_word' id='word_1_93' title='bbox 638 1987 852 2053; x_wconf 88' lang='lat' dir='ltr'><strong>Iuvenalianis</strong></span> <span class='ocrx_word' id='word_1_94' title='bbox 877 2011 1005 2072; x_wconf 86' lang='lat' dir='ltr'>operam</span> <span class='ocrx_word' id='word_1_95' title='bbox 1031 1989 1107 2052; x_wconf 88' lang='lat' dir='ltr'><strong>dant</strong></span> <span class='ocrx_word' id='word_1_96' title='bbox 1131 2011 1240 2052; x_wconf 87' lang='lat' dir='ltr'><strong>omnes</strong></span> <span class='ocrx_word' id='word_1_97' title='bbox 1263 1989 1371 2063; x_wconf 74' lang='lat' dir='ltr'><strong>sciunt,</strong></span> 
     </span>
    </p>
   </div>
   <div class='ocr_carea' id='block_1_5' title="bbox 156 2113 1373 2199">
    <p class='ocr_par' dir='ltr' id='par_1_5' title="bbox 156 2113 1373 2199">
     <span class='ocr_line' id='line_1_15' title="bbox 156 2113 1373 2199; baseline -0.002 -21"><span class='ocrx_word' id='word_1_98' title='bbox 156 2159 158 2170; x_wconf 74' lang='grc'>.</span> <span class='ocrx_word' id='word_1_99' title='bbox 227 2185 229 2189; x_wconf 54' lang='grc'>,</span> <span class='ocrx_word' id='word_1_100' title='bbox 318 2119 437 2199; x_wconf 91' lang='lat' dir='ltr'><strong>quanto</strong></span> <span class='ocrx_word' id='word_1_101' title='bbox 467 2116 581 2195; x_wconf 83' lang='lat' dir='ltr'><strong>studio,</strong></span> <span class='ocrx_word' id='word_1_102' title='bbox 606 2118 724 2198; x_wconf 88' lang='lat' dir='ltr'><strong>quanto</strong></span> <span class='ocrx_word' id='word_1_103' title='bbox 749 2115 859 2177; x_wconf 88' lang='lat' dir='ltr'><strong>ardore</strong></span> <span class='ocrx_word' id='word_1_104' title='bbox 884 2113 1166 2178; x_wconf 86' lang='lat' dir='ltr'><strong>Haeolrermannus</strong></span> <span class='ocrx_word' id='word_1_105' title='bbox 1190 2117 1226 2176; x_wconf 88' lang='lat' dir='ltr'><strong>ut</strong></span> <span class='ocrx_word' id='word_1_106' title='bbox 1249 2113 1373 2176; x_wconf 86' lang='lat' dir='ltr'><strong>demon·</strong></span> 
     </span>
    </p>
   </div>
   <div class='ocr_carea' id='block_1_6' title="bbox 318 2237 1372 2570">
    <p class='ocr_par' dir='ltr' id='par_1_6' title="bbox 318 2237 1372 2570">
     <span class='ocr_line' id='line_1_16' title="bbox 319 2237 1372 2322; baseline -0.006 -20"><span class='ocrx_word' id='word_1_107' title='bbox 319 2244 399 2303; x_wconf 91' lang='lat' dir='ltr'><strong>stret</strong></span> <span class='ocrx_word' id='word_1_108' title='bbox 423 2240 571 2319; x_wconf 74' lang='lat' dir='ltr'><strong>enitatur,</strong></span> <span class='ocrx_word' id='word_1_109' title='bbox 595 2240 747 2304; x_wconf 84' lang='lat' dir='ltr'><strong>leot-iones</strong></span> <span class='ocrx_word' id='word_1_110' title='bbox 772 2239 914 2303; x_wconf 85' lang='lat' dir='ltr'><strong>codicum</strong></span> <span class='ocrx_word' id='word_1_111' title='bbox 938 2259 961 2298; x_wconf 84' lang='grc' dir='ltr'>ω</span> <span class='ocrx_word' id='word_1_112' title='bbox 985 2237 1183 2322; x_wconf 82' lang='lat' dir='ltr'><strong>signatorum</strong></span> <span class='ocrx_word' id='word_1_113' title='bbox 1199 2259 1323 2320; x_wconf 87' lang='lat' dir='ltr'><strong>semper</strong></span> <span class='ocrx_word' id='word_1_114' title='bbox 1337 2237 1372 2298; x_wconf 89' lang='lat' dir='ltr'><strong>iis</strong></span> 
     </span>
     <span class='ocr_line' id='line_1_17' title="bbox 318 2361 1372 2466; baseline -0.005 -38"><span class='ocrx_word' id='word_1_115' title='bbox 318 2365 534 2448; x_wconf 82' lang='lat' dir='ltr'><strong>praeferendas</strong></span> <span class='ocrx_word' id='word_1_116' title='bbox 558 2387 636 2441; x_wconf 75' lang='lat' dir='ltr'><strong>esse,</strong></span> <span class='ocrx_word' id='word_1_117' title='bbox 661 2386 731 2447; x_wconf 89' lang='lat' dir='ltr'><strong>quae</strong></span> <span class='ocrx_word' id='word_1_118' title='bbox 756 2363 880 2466; x_wconf 27' lang='lat' dir='ltr'><strong>inbcod.</strong></span> <span class='ocrx_word' id='word_1_119' title='bbox 896 2363 933 2426; x_wconf 88' lang='lat' dir='ltr'><strong>P.</strong></span> <span class='ocrx_word' id='word_1_120' title='bbox 951 2363 1164 2427; x_wconf 82' lang='lat' dir='ltr'><strong>inveniuntur.</strong></span> <span class='ocrx_word' id='word_1_121' title='bbox 1201 2361 1290 2437; x_wconf 78' lang='lat' dir='ltr'><strong>Quod</strong></span> <span class='ocrx_word' id='word_1_122' title='bbox 1312 2365 1372 2425; x_wconf 89' lang='lat' dir='ltr'><strong>stu-</strong></span> 
     </span>
     <span class='ocr_line' id='line_1_18' title="bbox 318 2485 1372 2570; baseline -0.004 -18"><span class='ocrx_word' id='word_1_123' title='bbox 318 2490 405 2552; x_wconf 89' lang='lat' dir='ltr'><strong>dium</strong></span> <span class='ocrx_word' id='word_1_124' title='bbox 440 2489 666 2554; x_wconf 86' lang='lat' dir='ltr'><strong>Friedlaender</strong></span> <span class='ocrx_word' id='word_1_125' title='bbox 693 2510 755 2551; x_wconf 89' lang='lat' dir='ltr'><strong>non</strong></span> <span class='ocrx_word' id='word_1_126' title='bbox 779 2489 845 2551; x_wconf 90' lang='lat' dir='ltr'><strong>sine</strong></span> <span class='ocrx_word' id='word_1_127' title='bbox 870 2509 964 2550; x_wconf 83' lang='lat' dir='ltr'><strong>causa</strong></span> <span class='ocrx_word' id='word_1_128' title='bbox 988 2487 1192 2570; x_wconf 86' lang='lat' dir='ltr'><strong>reprehendit</strong></span> <span class='ocrx_word' id='word_1_129' title='bbox 1210 2487 1244 2569; x_wconf 86' lang='lat'><strong>¹).</strong></span> <span class='ocrx_word' id='word_1_130' title='bbox 1291 2485 1372 2568; x_wconf 87' lang='lat' dir='ltr'><strong>Rep-</strong></span> 
     </span>
    </p>
   </div>
   <div class='ocr_carea' id='block_1_7' title="bbox 317 2591 1371 2698">
    <p class='ocr_par' dir='ltr' id='par_1_7' title="bbox 317 2591 1371 2698">
     <span class='ocr_line' id='line_1_19' title="bbox 317 2591 1371 2698; baseline -0.007 -21"><span class='ocrx_word' id='word_1_131' title='bbox 317 2615 387 2698; x_wconf 92' lang='lat' dir='ltr'><strong>peri</strong></span> <span class='ocrx_word' id='word_1_132' title='bbox 418 2591 826 2697; x_wconf 75' lang='lat' dir='ltr'><strong>apudHaeokermamdmr</strong></span> <span class='ocrx_word' id='word_1_133' title='bbox 850 2612 1084 2676; x_wconf 88' lang='lat' dir='ltr'><strong>adnotationem</strong></span> <span class='ocrx_word' id='word_1_134' title='bbox 1109 2612 1148 2674; x_wconf 92' lang='lat' dir='ltr'><strong>ad</strong></span> <span class='ocrx_word' id='word_1_135' title='bbox 1170 2633 1222 2676; x_wconf 86' lang='lat' dir='ltr'><strong>vv.</strong></span> <span class='ocrx_word' id='word_1_136' title='bbox 1247 2611 1371 2676; x_wconf 74' lang='lat'>53-55</span> 
     </span>
    </p>
   </div>
   <div class='ocr_carea' id='block_1_8' title="bbox 318 2737 492 2815">
    <p class='ocr_par' dir='ltr' id='par_1_8' title="bbox 318 2737 492 2815">
     <span class='ocr_line' id='line_1_20' title="bbox 318 2737 492 2815; baseline 0.011 -14"><span class='ocrx_word' id='word_1_137' title='bbox 318 2739 436 2802; x_wconf 88' lang='lat' dir='ltr'><strong>factam</strong></span> <span class='ocrx_word' id='word_1_138' title='bbox 452 2737 492 2815; x_wconf 78' lang='grc'><strong>2);</strong></span> 
     </span>
    </p>
   </div>
   <div class='ocr_carea' id='block_1_9' title="bbox 423 2885 1252 3184">
    <p class='ocr_par' dir='ltr' id='par_1_9' title="bbox 423 2885 1252 3184">
     <span class='ocr_line' id='line_1_21' title="bbox 423 2885 1057 2962; baseline -0.003 -17"><span class='ocrx_word' id='word_1_139' title='bbox 423 2888 597 2962; x_wconf 83' lang='lat' dir='ltr'><strong>improbitas</strong></span> <span class='ocrx_word' id='word_1_140' title='bbox 621 2888 672 2945; x_wconf 89' lang='lat' dir='ltr'><strong>illo</strong></span> <span class='ocrx_word' id='word_1_141' title='bbox 695 2887 754 2944; x_wconf 87' lang='lat' dir='ltr'><strong>fuit</strong></span> <span class='ocrx_word' id='word_1_142' title='bbox 778 2885 959 2943; x_wconf 85' lang='lat' dir='ltr'><strong>admirabilis</strong></span> <span class='ocrx_word' id='word_1_143' title='bbox 984 2903 1057 2954; x_wconf 81' lang='lat' dir='ltr'><strong>aevn,</strong></span> 
     </span>
     <span class='ocr_line' id='line_1_22' title="bbox 423 2991 1252 3070; baseline -0.005 -18"><span class='ocrx_word' id='word_1_144' title='bbox 423 2994 582 3053; x_wconf 87' lang='lat' dir='ltr'><strong>eredebant</strong></span> <span class='ocrx_word' id='word_1_145' title='bbox 606 3012 664 3068; x_wconf 92' lang='lat' dir='ltr'><strong>quo</strong></span> <span class='ocrx_word' id='word_1_146' title='bbox 688 2993 799 3070; x_wconf 84' lang='lat' dir='ltr'><strong>grande</strong></span> <span class='ocrx_word' id='word_1_147' title='bbox 823 2993 904 3049; x_wconf 87' lang='lat' dir='ltr'><strong>nefas</strong></span> <span class='ocrx_word' id='word_1_148' title='bbox 929 2996 959 3048; x_wconf 89' lang='lat' dir='ltr'><strong>et</strong></span> <span class='ocrx_word' id='word_1_149' title='bbox 981 2994 1076 3049; x_wconf 89' lang='lat' dir='ltr'><strong>morte</strong></span> <span class='ocrx_word' id='word_1_150' title='bbox 1100 2991 1252 3066; x_wconf 86' lang='lat' dir='ltr'><strong>piandum,</strong></span> 
     </span>
     <span class='ocr_line' id='line_1_23' title="bbox 424 3099 1025 3184; baseline -0.008 -25"><span class='ocrx_word' id='word_1_151' title='bbox 424 3101 449 3159; x_wconf 88' lang='lat' dir='ltr'><strong>si</strong></span> <span class='ocrx_word' id='word_1_152' title='bbox 472 3100 585 3184; x_wconf 86' lang='lat' dir='ltr'><strong>iuvenis</strong></span> <span class='ocrx_word' id='word_1_153' title='bbox 609 3102 710 3159; x_wconf 86' lang='lat' dir='ltr'><strong>vetulo</strong></span> <span class='ocrx_word' id='word_1_154' title='bbox 734 3118 793 3157; x_wconf 88' lang='lat' dir='ltr'><strong>non</strong></span> <span class='ocrx_word' id='word_1_155' title='bbox 817 3099 1025 3156; x_wconf 85' lang='lat' dir='ltr'><strong>adsurrexerat</strong></span> 
     </span>
    </p>
   </div>
   <div class='ocr_carea' id='block_1_10' title="bbox 317 3251 1373 3587">
    <p class='ocr_par' dir='ltr' id='par_1_10' title="bbox 317 3251 1373 3587">
     <span class='ocr_line' id='line_1_24' title="bbox 317 3251 1371 3339; baseline -0.009 -20"><span class='ocrx_word' id='word_1_156' title='bbox 317 3254 380 3319; x_wconf 92' lang='lat' dir='ltr'><strong>Pro</strong></span> <span class='ocrx_word' id='word_1_157' title='bbox 404 3278 466 3339; x_wconf 89' lang='lat' dir='ltr'><strong>quo</strong></span> <span class='ocrx_word' id='word_1_158' title='bbox 490 3254 533 3337; x_wconf 85' lang='lat' dir='ltr'><strong>(v.</strong></span> <span class='ocrx_word' id='word_1_159' title='bbox 558 3254 614 3336; x_wconf 79' lang='lat'><strong>54)</strong></span> <span class='ocrx_word' id='word_1_160' title='bbox 638 3253 750 3317; x_wconf 84' lang='lat' dir='ltr'><strong>scribit</strong></span> <span class='ocrx_word' id='word_1_161' title='bbox 773 3254 866 3336; x_wconf 81' lang='lat' dir='ltr'><strong>quod,</strong></span> <span class='ocrx_word' id='word_1_162' title='bbox 891 3274 961 3335; x_wconf 87' lang='lat' dir='ltr'><strong>quae</strong></span> <span class='ocrx_word' id='word_1_163' title='bbox 985 3252 1081 3316; x_wconf 87' lang='lat' dir='ltr'><strong>lectio</strong></span> <span class='ocrx_word' id='word_1_164' title='bbox 1103 3254 1153 3314; x_wconf 88' lang='lat' dir='ltr'><strong>est</strong></span> <span class='ocrx_word' id='word_1_165' title='bbox 1175 3251 1208 3314; x_wconf 91' lang='lat' dir='ltr'><strong>in</strong></span> <span class='ocrx_word' id='word_1_166' title='bbox 1233 3251 1323 3315; x_wconf 89' lang='lat' dir='ltr'><strong>codd.</strong></span> <span class='ocrx_word' id='word_1_167' title='bbox 1340 3271 1371 3322; x_wconf 86' lang='lat' dir='ltr'><strong>o;</strong></span> 
     </span>
     <span class='ocr_line' id='line_1_25' title="bbox 318 3376 1371 3464; baseline -0.005 -23"><span class='ocrx_word' id='word_1_168' title='bbox 318 3384 416 3464; x_wconf 84' lang='lat' dir='ltr'><strong>negat</strong></span> <span class='ocrx_word' id='word_1_169' title='bbox 439 3381 523 3444; x_wconf 90' lang='lat' dir='ltr'><strong>enim</strong></span> <span class='ocrx_word' id='word_1_170' title='bbox 546 3378 629 3442; x_wconf 87' lang='lat' dir='ltr'><strong>hanc</strong></span> <span class='ocrx_word' id='word_1_171' title='bbox 654 3378 853 3456; x_wconf 80' lang='lat' dir='ltr'><strong>sententiam,</strong></span> <span class='ocrx_word' id='word_1_172' title='bbox 878 3377 911 3439; x_wconf 90' lang='lat' dir='ltr'><strong>in</strong></span> <span class='ocrx_word' id='word_1_173' title='bbox 932 3399 994 3459; x_wconf 90' lang='lat' dir='ltr'><strong>qua</strong></span> <span class='ocrx_word' id='word_1_174' title='bbox 1011 3376 1216 3458; x_wconf 87' lang='lat' dir='ltr'><strong>amplificatio</strong></span> <span class='ocrx_word' id='word_1_175' title='bbox 1233 3376 1371 3458; x_wconf 83' lang='lat' dir='ltr'><strong>quaedam</strong></span> 
     </span>
     <span class='ocr_line' id='line_1_26' title="bbox 318 3487 1373 3587; baseline -0.003 -22"><span class='ocrx_word' id='word_1_176' title='bbox 318 3505 411 3581; x_wconf 86' lang='lat' dir='ltr'><strong>inest,</strong></span> <span class='ocrx_word' id='word_1_177' title='bbox 435 3505 620 3587; x_wconf 89' lang='lat' dir='ltr'><strong>pronomine</strong></span> <span class='ocrx_word' id='word_1_178' title='bbox 644 3503 778 3568; x_wconf 81' lang='lat' dir='ltr'><strong>relativo</strong></span> <span class='ocrx_word' id='word_1_179' title='bbox 802 3487 875 3585; x_wconf 82' lang='lat' dir='ltr'><strong>apte</strong></span> <span class='ocrx_word' id='word_1_180' title='bbox 900 3501 1049 3585; x_wconf 85' lang='lat' dir='ltr'><strong>coniungi</strong></span> <span class='ocrx_word' id='word_1_181' title='bbox 1073 3523 1143 3563; x_wconf 87' lang='lat' dir='ltr'><strong>oum</strong></span> <span class='ocrx_word' id='word_1_182' title='bbox 1167 3521 1262 3563; x_wconf 83' lang='lat' dir='ltr'><strong>versu</strong></span> <span class='ocrx_word' id='word_1_183' title='bbox 1285 3519 1373 3582; x_wconf 86' lang='lat' dir='ltr'><strong>supe-</strong></span> 
     </span>
    </p>
   </div>
   <div class='ocr_carea' id='block_1_11' title="bbox 318 3625 1370 3703">
    <p class='ocr_par' dir='ltr' id='par_1_11' title="bbox 318 3625 1370 3703">
     <span class='ocr_line' id='line_1_27' title="bbox 318 3625 1370 3703; baseline -0.006 -11"><span class='ocrx_word' id='word_1_184' title='bbox 318 3629 410 3692; x_wconf 90' lang='lat' dir='ltr'><strong>riore.</strong></span> <span class='ocrx_word' id='word_1_185' title='bbox 457 3628 533 3703; x_wconf 78' lang='lat' dir='ltr'><strong>Quis</strong></span> <span class='ocrx_word' id='word_1_186' title='bbox 568 3630 600 3692; x_wconf 92' lang='lat' dir='ltr'><strong>id</strong></span> <span class='ocrx_word' id='word_1_187' title='bbox 624 3627 799 3692; x_wconf 85' lang='lat' dir='ltr'><strong>concedat?</strong></span> <span class='ocrx_word' id='word_1_188' title='bbox 834 3625 895 3691; x_wconf 82' lang='lat' dir='ltr'><strong>Sed</strong></span> <span class='ocrx_word' id='word_1_189' title='bbox 919 3648 991 3690; x_wconf 91' lang='lat' dir='ltr'><strong>cum</strong></span> <span class='ocrx_word' id='word_1_190' title='bbox 1014 3625 1103 3688; x_wconf 89' lang='lat' dir='ltr'><strong>addit</strong></span> <span class='ocrx_word' id='word_1_191' title='bbox 1126 3625 1220 3703; x_wconf 84' lang='lat' dir='ltr'><strong>idem,</strong></span> <span class='ocrx_word' id='word_1_192' title='bbox 1245 3626 1370 3689; x_wconf 81' lang='lat' dir='ltr'><strong>verbum</strong></span> 
     </span>
    </p>
   </div>
   <div class='ocr_carea' id='block_1_12' title="bbox 428 3854 1371 3926">
    <p class='ocr_par' dir='ltr' id='par_1_12' title="bbox 428 3854 1371 3926">
     <span class='ocr_line' id='line_1_28' title="bbox 428 3854 1371 3926; baseline -0.007 -16"><span class='ocrx_word' id='word_1_193' title='bbox 428 3857 447 3926; x_wconf 87' lang='lat'><strong>¹)</strong></span> <span class='ocrx_word' id='word_1_194' title='bbox 468 3859 670 3912; x_wconf 77' lang='lat' dir='ltr'><strong>Famnntnnm:</strong></span> <span class='ocrx_word' id='word_1_195' title='bbox 695 3857 822 3912; x_wconf 63' lang='lat' dir='ltr'><strong>,Jahresu</strong></span> <span class='ocrx_word' id='word_1_196' title='bbox 848 3863 874 3910; x_wconf 84' lang='lat' dir='ltr'><strong>u.</strong></span> <span class='ocrx_word' id='word_1_197' title='bbox 894 3857 920 3910; x_wconf 89' lang='lat' dir='ltr'><strong>d.</strong></span> <span class='ocrx_word' id='word_1_198' title='bbox 940 3862 1006 3910; x_wconf 75' lang='lat' dir='ltr'><strong>rom.</strong></span> <span class='ocrx_word' id='word_1_199' title='bbox 1027 3854 1163 3908; x_wconf 79' lang='lat' dir='ltr'><strong>Satirilrer</strong></span> <span class='ocrx_word' id='word_1_200' title='bbox 1180 3872 1207 3922; x_wconf 92' lang='lat' dir='ltr'><strong>p.</strong></span> <span class='ocrx_word' id='word_1_201' title='bbox 1228 3854 1280 3908; x_wconf 81' lang='lat'><strong>310</strong></span> <span class='ocrx_word' id='word_1_202' title='bbox 1301 3855 1371 3920; x_wconf 86' lang='lat' dir='ltr'><strong>(Bur-</strong></span> 
     </span>
    </p>
   </div>
   <div class='ocr_carea' id='block_1_13' title="bbox 319 3947 1369 4104">
    <p class='ocr_par' dir='ltr' id='par_1_13' title="bbox 319 3947 1369 4104">
     <span class='ocr_line' id='line_1_29' title="bbox 319 3947 700 4028; baseline -0.005 -26"><span class='ocrx_word' id='word_1_203' title='bbox 319 3948 393 4002; x_wconf 83' lang='lat' dir='ltr'><strong>sians</strong></span> <span class='ocrx_word' id='word_1_204' title='bbox 412 3947 538 4002; x_wconf 82' lang='lat' dir='ltr'><strong>Jahresb.</strong></span> <span class='ocrx_word' id='word_1_205' title='bbox 557 3947 700 4028; x_wconf 39' lang='lat' dir='ltr'><strong>V3187n.</strong></span> 
     </span>
     <span class='ocr_line' id='line_1_30' title="bbox 428 4029 1369 4104; baseline -0.004 -15"><span class='ocrx_word' id='word_1_206' title='bbox 428 4034 447 4104; x_wconf 69' lang='lat'><strong>²)</strong></span> <span class='ocrx_word' id='word_1_207' title='bbox 467 4037 499 4089; x_wconf 88' lang='lat' dir='ltr'><strong>A.</strong></span> <span class='ocrx_word' id='word_1_208' title='bbox 527 4036 723 4089; x_wconf 60' lang='lat' dir='ltr'><strong>Hieronicam:</strong></span> <span class='ocrx_word' id='word_1_209' title='bbox 760 4037 812 4090; x_wconf 88' lang='lat' dir='ltr'><strong>Zur</strong></span> <span class='ocrx_word' id='word_1_210' title='bbox 841 4034 936 4088; x_wconf 86' lang='lat' dir='ltr'><strong>Kritik</strong></span> <span class='ocrx_word' id='word_1_211' title='bbox 963 4033 1020 4086; x_wconf 91' lang='lat' dir='ltr'><strong>und</strong></span> <span class='ocrx_word' id='word_1_212' title='bbox 1046 4031 1206 4100; x_wconf 78' lang='lat' dir='ltr'><strong>llrklttrung</strong></span> <span class='ocrx_word' id='word_1_213' title='bbox 1234 4029 1369 4086; x_wconf 79' lang='lat' dir='ltr'><strong>Juvenala</strong></span> 
     </span>
    </p>
   </div>
   <div class='ocr_carea' id='block_1_14' title="bbox 319 4126 680 4194">
    <p class='ocr_par' dir='ltr' id='par_1_14' title="bbox 319 4126 680 4194">
     <span class='ocr_line' id='line_1_31' title="bbox 319 4126 680 4194; baseline -0.008 -13"><span class='ocrx_word' id='word_1_214' title='bbox 319 4126 485 4182; x_wconf 83' lang='lat' dir='ltr'><strong>Greifswald</strong></span> <span class='ocrx_word' id='word_1_215' title='bbox 506 4126 572 4180; x_wconf 79' lang='lat'>1877</span> <span class='ocrx_word' id='word_1_216' title='bbox 592 4144 618 4194; x_wconf 88' lang='lat' dir='ltr'><strong>p.</strong></span> <span class='ocrx_word' id='word_1_217' title='bbox 639 4127 680 4180; x_wconf 86' lang='lat'><strong>36.</strong></span> 
     </span>
    </p>
   </div>
   <div class='ocr_carea' id='block_1_15' title="bbox 0 0 1477 4836">
    <p class='ocr_par' dir='ltr' id='par_1_15' title="bbox 0 0 1477 4836">
     <span class='ocr_line' id='line_1_32' title="bbox 0 0 1477 4836; baseline 0 0"><span class='ocrx_word' id='word_1_218' title='bbox 0 0 1477 4836; x_wconf 95' lang='lat' dir='ltr'><strong> </strong></span> 
     </span>
    </p>
   </div>
  </div>
 </body>
</html>
