2916 4834
675 1391 828 1502 Satira
865 1392 936 1502 IV.

376 1623 487 1689 Timeo
511 1646 550 1687 ne
573 1624 807 1688 inconsiderate
831 1646 927 1709 agere
951 1624 1069 1703 videar,
1087 1625 1114 1688 si
1129 1628 1202 1708 post
1218 1624 1334 1688 firmis-

272 1751 388 1816 simum
421 1750 501 1814 illud
534 1749 706 1814 Ribbeokii
740 1751 779 1813 de
812 1749 911 1813 satira
934 1753 1048 1833 quarta
1071 1750 1225 1814 iudicium
1248 1750 1335 1814 aliud

269 1871 448 1958 propopere
472 1874 616 1952 audeam,
646 1876 788 1937 attamen
810 1872 871 1937 hoc
894 1873 1000 1937 faeere
1023 1896 1088 1938 non
1112 1875 1333 1940 dubitaverim.

270 1998 378 2082 Atque
414 2021 451 2062 eo
485 1998 604 2062 maiore
639 1997 757 2061 fiducia
784 1997 825 2060 ad
847 1996 930 2061 hano
953 2020 1022 2061 rem
1045 1999 1227 2084 aggredior,
1252 1999 1334 2082 quod

269 2124 328 2212 ira,
359 2145 421 2206 qua
452 2123 487 2186 in
509 2123 646 2206 ineptias
669 2121 907 2205 interpolatoris
930 2122 1103 2206 instigatur
1125 2121 1332 2201 Ribbeokius,

270 2247 505 2312 immoderatior
539 2247 644 2330 potius
680 2246 813 2310 dicenda
848 2249 896 2310 est
930 2269 1025 2330 quam
1058 2269 1170 2330 reapse
1195 2247 1333 2332 gravior.

269 2371 384 2456 Neque
407 2376 516 2435 tamen
539 2371 670 2435 dubium
694 2374 751 2449 est,
780 2371 858 2455 quin
880 2372 954 2451 sint,
978 2371 1092 2455 quibus
1116 2375 1202 2436 recte
1227 2373 1335 2455 dispu-

270 2501 339 2562 tare
362 2472 523 2574 videatur;
548 2517 609 2580 ego
632 2517 707 2559 vero
730 2517 793 2559 non
815 2517 943 2579 possum
966 2518 1030 2560 non
1053 2496 1213 2575 arbitrari,
1239 2518 1334 2581 argu-

269 2624 378 2684 menta
410 2620 476 2683 eius
502 2620 540 2684 ad
565 2620 762 2684 adversarios
786 2620 1017 2684 convincendos
1041 2642 1104 2684 non
1127 2621 1205 2683 satis
1228 2620 1335 2684 valida

270 2766 350 2810 esse.
396 2743 519 2808 Primos
543 2745 585 2808 36
608 2765 718 2807 versus
741 2743 834 2808 huius
858 2744 964 2808 satirae
989 2745 1116 2810 omnino
1140 2745 1271 2808 damnat
1293 2743 1333 2808 R.

271 2870 312 2933 ob
345 2868 462 2932 multas
498 2889 619 2932 causas
666 2867 813 2952 Longum
845 2872 894 2932 est
921 2869 1027 2932 omnia
1049 2869 1223 2952 persequiz.
1238 2891 1336 2932 unum

198 2987 206 3002 “
270 2993 446 3056 alterumve
470 2992 504 3055 in
527 2992 737 3075 quaestionem
759 3012 888 3055 vocasse
912 2992 989 3055 satis
1013 2991 1084 3056 erit.

377 3115 486 3218 Prima
519 3116 652 3222 quaestio
684 3119 741 3195 est,
767 3137 839 3179 eum
861 3116 1013 3181 iudicium
1037 3118 1075 3181 de
1099 3117 1198 3180 satira
1221 3120 1336 3199 quarta

270 3240 376 3304 facere
403 3207 558 3319 solumne,
589 3241 689 3323 possit
689 3262 729 3304 ne
675 3240 951 3304 tdefendi't
904 3242 1072 3326 integritas
1095 3241 1153 3305 tot
1144 3263 1196 3322 ms
1217 3241 1334 3320 satirae,

271 3388 313 3428 an
346 3365 443 3448 primi
478 3366 520 3428 36
556 3385 666 3429 versus
701 3386 773 3428 oum
802 3363 852 3443 iis,
875 3365 931 3449 qui
955 3368 1176 3448 sequuntur,t
1178 3386 1230 3428 am
1252 3364 1335 3428 male
1425 3419 1426 3442 ,

272 3487 465 3570 eohaereant,
499 3491 536 3552 ut
570 3489 698 3553 omnino
729 3489 961 3570 exterminandi
984 3490 1058 3555 sint.
1104 3487 1257 3568 Fuerunt,
1281 3488 1337 3572 qui
1425 3495 1426 3506 ‘

271 3616 364 3677 tanto
399 3612 503 3676 studio
537 3612 608 3676 haee
643 3614 905 3698 aggrederentur,
938 3617 1060 3678 utnon
1081 3613 1176 3678 modo
1198 3627 1261 3677 non
1284 3634 1336 3676 co-

271 3737 427 3802 haerentia
450 3737 533 3801 inter
556 3759 589 3802 se
613 3737 766 3818 dicerent,
790 3739 845 3802 sed
868 3739 1007 3802 maxime
1031 3739 1189 3802 disiuncta
1212 3740 1245 3801 et
1260 3757 1336 3802 oon·

270 3863 381 3942 traria,
417 3862 503 3926 inter
537 3883 615 3946 quos
649 3861 863 3928 Ribbeokium
897 3863 1057 3948 insignem
1090 3863 1194 3931 locum
1227 3865 1336 3926 tenere

270 3989 430 4066 videmus3
456 3987 512 4052 alii
528 3991 637 4052 contra
653 3992 847 4070 asseverant,
862 3988 930 4052 fere
946 4010 1104 4071 nusquam
1121 3991 1223 4052 artem
1234 3990 1335 4071 poetae

272 4113 388 4180 clarius
412 4113 595 4176 illucescere
625 4134 721 4196 quarn
743 4113 777 4176 in
799 4113 915 4176 harum
937 4113 1078 4196 partium
1101 4112 1335 4187 coniunctione;
