2930 4836
567 419 752 514 '-sr-

221 649 336 706 semper
359 637 414 708 ego
437 620 557 691 auditor
579 636 719 692 tantum?
743 655 943 710 numquamne
966 639 1127 712 reponam?

124 791 335 858 Haenic'keus
360 817 400 858 ex
422 796 461 859 iis
482 795 649 874 coniectat,
668 793 852 862 Iuvenalem
867 799 937 862 istis
953 799 1194 863 recitationibus

125 918 250 982 totiens
287 925 438 982 vexatum
471 920 601 984 tandem
635 918 709 986 ΧΠ.
747 923 875 986 18-82
900 946 959 1007 par
981 925 1052 1006 pari
1075 924 1212 988 referre

124 1046 228 1126 atque
264 1044 297 1106 in
330 1043 484 1108 harenam
506 1045 611 1127 ipsum
636 1045 837 1126 descendere,
859 1051 897 1142 ut
920 1048 1064 1112 cumbis
1089 1049 1195 1112 decla-

127 1169 307 1232 matoribus
322 1191 476 1252 pugnam,
494 1170 533 1232 ad
550 1191 659 1233 eorum
676 1192 777 1255 genus
793 1173 958 1257 pugnandi
975 1174 1053 1237 scite
1070 1195 1194 1238 accom-

127 1293 302 1370 modatam,
319 1291 528 1377 ingrediatur.
558 1293 641 1358 Huic
658 1297 823 1359 sententiae
837 1270 1008 1382 suffragari
1020 1299 1193 1378 contendit,

122 1419 215 1500 qnod
239 1413 399 1482 Iuvenalis
423 1419 491 1502 ipse
516 1419 593 1482 dicit
616 1443 666 1484 vv.
692 1421 840 1485 22-24:
867 1413 870 1426 ¹

731 1587 829 1644 omnia
852 1587 928 1646 fiunt

282 1692 364 1760 talia,
389 1694 451 1749 tam
474 1693 616 1770 graviter,
640 1692 664 1750 si
688 1695 807 1767 quando
830 1695 946 1770 poetica
970 1695 1067 1772 surgit

282 1802 443 1874 tempestas

240 1958 424 2026 Iuvenalem
447 1962 548 2046 igitur
570 1963 604 2024 in
626 1963 676 2040 iis,
693 1985 763 2046 quae
780 1966 963 2046 sequuntur,
981 1987 1066 2029 more
1082 1970 1194 2050 poeta-

121 2109 201 2149 rum
224 2088 447 2167 tempestatem
472 2087 650 2152 describere
666 2090 769 2170 putat,
786 2088 929 2152 ridiculis
948 2090 1051 2154 verbis
1068 2091 1191 2154 scilicet

122 2216 161 2274 et
186 2211 371 2294 hyperbolis
396 2205 613 2275 audacissimis
637 2216 789 2276 utentem.
834 2239 837 2253 ·
877 2187 880 2194 Α

222 2331 310 2398 ·Non
334 2357 426 2420 nego,
450 2336 545 2399 istam
569 2337 760 2400 sententiam
782 2338 885 2420 prinro
910 2342 1040 2423 aspectu
1062 2339 1192 2419 habere,

120 2481 193 2543 quo
229 2461 477 2524 commendetur.
525 2461 558 2524 si
595 2463 691 2525 verba
721 2465 753 2524 et
777 2463 942 2525 enuntiata
965 2467 1067 2546 poetae
1091 2465 1192 2548 respi-

120 2585 241 2662 cimus
276 2583 358 2648 nihil
392 2585 459 2649 fere
495 2585 638 2668 impedit,
676 2607 714 2649 ne
751 2585 936 2651 Haenickeo
972 2589 1191 2653 assentiamur.
1234 2589 1235 2596 '

122 2707 308 2772 Obscurum
332 2712 363 2772 et
388 2709 514 2773 difficile
538 2710 617 2772 illud
641 2731 741 2794 genus
767 2711 902 2787 dicendi,
927 2713 1039 2775 crebra
1057 2713 1192 2795 impedi-

120 2836 248 2911 menta,
273 2856 343 2916 quae
368 2835 458 2898 nobis
475 2835 613 2912 obstant,
630 2835 695 2897 lata
713 2838 744 2897 ct
760 2835 851 2918 quasi
868 2839 1064 2920 exaggerata
1080 2838 1190 2916 oratio,

117 2957 237 3023 omnia
271 2959 406 3041 denique
442 2959 658 3022 demonstrare
694 2960 851 3037 videntur,
883 2983 946 3023 non
970 2961 1037 3023 sine
1062 2961 1192 3025 consilio

119 3083 199 3146 haec
232 3083 338 3146 omnia
363 3083 440 3145 adeo
466 3082 597 3146 confusa
621 3086 653 3146 et
677 3087 819 3148 contorta
843 3107 920 3148 csse.
967 3083 1056 3148 Dicit
1079 3085 1104 3148 F
1107 3086 1192 3150 ried-

116 3206 261 3271 laender
295 3208 433 3290 quidem,
469 3229 533 3270 non
566 3206 626 3270 hoc
653 3208 721 3271 loco
744 3209 847 3292 magis
870 3231 966 3292 quam
989 3208 1097 3272 multis
1121 3210 1191 3273 aliis

119 3332 306 3396 orationem
330 3328 489 3396 luvenalis
505 3332 696 3395 lutulentam
712 3333 821 3410 fluere,
840 3337 934 3416 atque
951 3334 1077 3398 omnino
1093 3337 1192 3420 negat

117 3456 302 3540 contigisse
339 3434 532 3533 Haenidkeo‚
568 3461 603 3520 ut
637 3457 728 3520 nobis
763 3459 969 3540 persuaderet
987 3459 1021 3542 1),
1052 3460 1107 3523 sed
1131 3459 1192 3524 hoc

118 3581 215 3645 haud
238 3582 303 3645 scio
327 3604 367 3644 an
391 3582 541 3644 audacius
566 3582 686 3645 dictum
709 3583 760 3646 sit.

236 3704 357 3768 Tamen
394 3707 585 3770 sententiam
624 3705 811 3790 Haenickei‚
847 3707 990 3788 quamvis
1025 3708 1192 3793 ingeniosa

117 3834 179 3910 sit,
217 3832 367 3914 amplecti
397 3854 458 3895 non
482 3853 622 3914 possum,
646 3833 701 3896 sed
726 3831 821 3894 aliam
847 3836 941 3915 atque
965 3826 1192 3896 Friedlacnder

239 4044 259 4112 ¹)
279 4045 482 4098 Fnrnnnzinnnn:
501 4044 708 4100 Jahresbericht
726 4045 794 4099 iiber
813 4045 858 4100 die
877 4052 944 4100 rdm.
964 4044 1100 4099 Satiriker
1113 4045 1191 4111 (Bur
1283 4122 1284 4131 ἵ

120 4136 205 4190 siuns
223 4133 348 4188 Jahresb.
368 4134 401 4186 V.
424 4133 489 4186 1877
509 4151 535 4202 p.
556 4133 627 4200 311).

1068 4241 1084 4294 6
