2916 4834
565 439 741 504 „43-

226 617 314 684 Num
347 619 417 683 haec
451 619 537 682 inter
566 639 600 682 se
627 619 695 682 tam
718 615 933 698 discrepantia
956 613 1106 699 coniungi
1127 634 1187 698 per

115 746 192 810 illos
216 767 324 810 versus
347 747 480 828 possunt

379 912 481 986 quales
504 913 577 969 tunc
600 910 702 986 epulas
727 911 803 966 cet?

228 1081 295 1148 Iam
321 1085 348 1148 si
372 1083 553 1168 quaerimus,
576 1083 660 1146 unde
684 1044 883 1176 omgdthus
900 1081 938 1144 de
956 1079 1102 1164 Crispino
1113 1101 1188 1142 nur-

116 1187 309 1274 ratiunculae
345 1209 519 1293 repetenda
549 1208 601 1287 sit,
626 1206 746 1290 aliquid
768 1228 827 1289 pro
852 1208 939 1269 certo
962 1206 1102 1268 statuere
1126 1203 1193 1268 ‹lif-2

119 1334 207 1399 ficile
232 1339 290 1398 est.
336 1332 450 1418 Neque
473 1335 581 1396 tamen
604 1331 817 1396 dubitaverim
840 1329 909 1394 haec
929 1329 1067 1414 vestigia
1083 1328 1188 1392 dicere

120 1459 229 1524 satirae
262 1459 426 1522 cuiusdam
456 1480 474 1520 a
497 1453 648 1522 Iuvenale
672 1456 705 1520 in
729 1455 912 1539 Crispinum
934 1454 1010 1518 olim
1033 1452 1189 1540 incohatae

120 1583 179 1647 sed
201 1604 265 1647 non
286 1583 450 1666 perfeotae.
496 1579 582 1644 Nam
604 1581 652 1644 ita
673 1583 769 1663 poeta
791 1580 825 1643 in
840 1579 1005 1644 inimicum
1016 1577 1188 1656 invehitur,

122 1712 289 1792 tamquam
311 1707 339 1772 si
362 1728 503 1790 praesens
526 1705 579 1769 hic
603 1706 654 1784 sie,
678 1726 737 1768 nec
760 1725 869 1769 versus
892 1704 948 1768 ille
973 1705 992 1768 9

382 1892 451 1932 cum
474 1891 534 1948 quo
557 1891 653 1948 nuper
676 1871 786 1930 vittata
809 1847 926 1929 iacebat

120 2067 180 2110 nos
204 2045 280 2110 sinit
303 2046 444 2131 cogitare
469 2045 506 2108 de
530 2045 727 2128 temporibus
750 2042 931 2126 tranquillis
955 2041 1095 2122 Traiani,
1120 2042 1191 2124 qui-

117 2171 184 2234 bus
208 2170 302 2233 multi
329 2169 411 2233 hanc
435 2170 566 2234 satiram
589 2169 742 2252 scriptam
765 2189 832 2232 esse
856 2169 1061 2233 contendunt.
1106 2166 1192 2230 Huic

123 2299 242 2359 nostrae
278 2295 443 2358 sententiae
479 2295 651 2378 suffragari
679 2294 815 2373 videtur,
839 2293 923 2377 quod
945 2295 1050 2376 poeta,
1074 2292 1191 2356 ubido

123 2420 310 2485 Domitiano
334 2419 367 2482 in
390 2419 488 2483 satira
511 2415 570 2485 IV.
592 2420 743 2503 loquitur,
768 2423 911 2519 tempore
927 2418 1092 2502 praeterito
1109 2440 1217 2486 sem-.

121 2567 186 2630 per
207 2545 323 2620 utitur;
354 2544 410 2608 ubi
434 2547 541 2608 autem
564 2566 632 2608 sese
656 2545 690 2608 in
713 2541 895 2627 Crispinum
918 2543 1085 2622 convertit,
1108 2565 1193 2627 prae-

124 2692 204 2734 sens
234 2691 319 2752 saepe
351 2668 492 2734 adhibet.
537 2668 704 2733 Fabellam
731 2668 821 2732 illam
845 2668 883 2732 de
906 2667 1037 2732 consilio
1060 2667 1094 2730 in
1116 2667 1193 2731 ville

122 2794 256 2858 Albana
289 2793 402 2858 habito
432 2796 505 2876 post
527 2797 666 2858 mortem-
685 2793 861 2858 Domitiani
885 2793 1037 2876 scriptam
1060 2813 1139 2871 esse,
1162 2815 1192 2856 v.

126 2920 193 2984 153
218 2918 295 2982 satis
319 2918 456 2982 dilucide
480 2917 628 2983 ostendit.
963 3003 967 3016 y
1167 2913 1171 2923 ’

236 3041 354 3118 Quodsi
378 3043 479 3107 ambae
502 3046 610 3126 partes
634 3042 729 3106 nimis
752 3043 823 3106 laxe
848 3041 1007 3106 cohaerere
1030 3041 1121 3106 nobis
1145 3041 1194 3104 vi-

124 3169 245 3232 dentur
262 3167 297 3250 1),
332 3189 429 3251 quam
462 3172 498 3231 ut
532 3163 692 3232 Iuvenalis
722 3189 775 3257 eas
805 3189 904 3230 unum
930 3188 1045 3249 poema
1069 3165 1194 3230 efficere

125 3292 348 3372 destinaverit,
379 3295 479 3356 restat
502 3294 539 3356 ut
563 3293 724 3369 addamus,
748 3291 903 3375 quomodo
925 3291 1013 3376 prior
1036 3312 1076 3354 ex
1098 3289 1137 3353 iis
1161 3289 1195 3352 in

124 3420 314 3482 contextum
337 3417 379 3481 sit
401 3420 542 3500 recepta.

238 3539 314 3618 Quis
349 3543 464 3606 satiras
499 3538 659 3606 Iuvenalis
689 3541 811 3625 primus
840 3541 986 3619 ediderit,
1009 3543 1105 3624 poeta
1126 3539 1195 3623 ipse

127 3689 175 3733 an
197 3668 317 3732 amicus
340 3668 466 3752 aliquis,
491 3670 546 3732 aut
568 3667 693 3750 quando
717 3666 777 3731 hoc
800 3666 921 3730 factum
944 3666 995 3746 sis,
1018 3687 1081 3730 non
1101 3664 1195 3729 facile

130 3793 301 3858 diiudicari
328 3796 443 3877 potest.
490 3791 571 3858 Sunt
593 3793 649 3875 qui
672 3791 832 3874 duplicem
854 3786 1106 3876 recognitionem
1128 3789 1196 3853 fac-

243 4041 264 4111 ¹)
283 4021 380 4098 Simile
398 4041 534 4122 iudicium
558 4042 657 4106 Weber,
678 4042 910 4094 Hoeeleermanaus
928 4039 965 4093 al.
985 4038 1019 4092 de
1032 4035 1198 4106 integritate

128 4131 228 4188 satirae
247 4131 293 4186 IV.
313 4131 411 4186 fecisse
429 4130 567 4186 videntur.

1265 2110 1283 2154 Ι
