2854 4828
698 416 873 477 „44-

252 592 326 656 huic
361 592 545 676 parenthesi
580 615 647 660 esse
683 595 798 674 potest,
823 592 898 674 quia
922 592 1129 677 cogitationes
1154 592 1312 675 scriptoris

254 717 410 793 continet3
446 718 523 800 ipsis
558 717 789 800 spectatoribus
821 716 903 780 male
928 717 1124 796 attribuitur,
1149 717 1212 780 nist
1235 717 1313 780 forte

254 843 372 906 celeres
408 864 516 906 eorum
551 847 583 905 et
617 842 754 906 fervidos
789 863 949 906 sermones
984 842 1089 905 subito
1125 842 1313 905 flaccescere

255 967 344 1031 velis
391 965 432 1030 V.
457 969 494 1030 81
522 966 557 1029 hi
573 937 734 1031 sermones
751 967 984 1046 continuantur,
1002 966 1066 1030 iam
1081 965 1216 1030 fortusse
1233 968 1317 1029 inter

256 1092 332 1156 duos
356 1095 517 1154 senatores
528 1089 564 1173 ¹).
611 1088 697 1154 Nam
720 1090 813 1154 homo
837 1091 875 1154 de
894 1092 988 1173 plebe
1006 1091 1110 1155 dicere
1126 1092 1181 1154 vix
1198 1092 1317 1175 potuit:

185 1271 188 1276 .
256 1238 344 1279 mens
370 1215 544 1294 Brutidins,
568 1238 670 1299 neque
695 1217 886 1279 eredendum
910 1219 967 1294 est,
993 1216 1126 1279 Aiacem
1150 1217 1180 1280 ei
1210 1219 1318 1279 notum

256 1341 364 1418 fuisse,
388 1363 491 1423 neque
516 1363 622 1404 servos
642 1340 755 1405 habuit
772 1339 814 1422 (v.
833 1341 898 1423 87).
935 1335 1028 1403 Alter
1044 1341 1136 1404 dicit:
1162 1341 1318 1423 perituros

259 1466 441 1562 -Umultos
460 1466 541 1528 alter
557 1467 743 1548 respondet:
760 1466 807 1528 nil
823 1466 953 1529 dubium
967 1466 1196 1530 ——fornacula
1229 1465 1320 1529 Prior

257 1590 380 1674 pergit:
406 1590 577 1672 pallidulns
600 1593 662 1654 eet.
708 1590 819 1666 Credo,
844 1594 879 1652 nt
901 1591 1049 1668 Kiaerius,
1067 1594 1139 1672 post
1155 1590 1321 1654 fornacula

258 1718 376 1798 pnnoto
412 1737 480 1779 esse
511 1715 781 1799 distinguendum.
828 1714 934 1778 Ceteri
957 1737 1067 1779 versus
1091 1737 1190 1798 usque
1216 1716 1254 1779 ad
1280 1717 1319 1778 88

259 1843 366 1904 utrum
401 1842 441 1903 ad
475 1862 573 1902 unum
601 1863 640 1902 an
665 1840 703 1902 ad
727 1840 835 1922 plnres
859 1840 1051 1922 pertineant,
1077 1839 1245 1903 diiudicari
1268 1841 1322 1903 vix

259 1966 387 2048 poterit.
434 1963 530 2027 Parvi
555 1964 663 2028 refert.

367 2087 466 2153 Totus
500 2090 554 2152 ille
590 2091 628 2152 de
656 2087 770 2152 Seiano
794 2054 881 2152 loeus
904 2089 1077 2171 praeolarus
1102 2093 1150 2151 est
1172 2092 1323 2172 reeteque

261 2218 369 2278 monet
404 2215 553 2292 KiaeriuS,
590 2215 764 2278 orationem
800 2218 901 2296 poetae
932 2217 999 2276 tam
1021 2215 1160 2278 vividam
1185 2236 1265 2289 esse,
1289 2219 1325 2276 ut

262 2339 368 2404 omnia
391 2339 490 2402 oeulis
515 2361 644 2402 eernere
668 2325 842 2402 videamur.
889 2337 969 2402 Sunt
993 2339 1089 2401 etiam
1110 2353 1183 2421 ‘quae
1209 2338 1323 2401 simili·

261 2465 405 2548 tudinem
429 2463 569 2550 habeant
593 2486 664 2527 oum
688 2463 759 2526 aliis
783 2463 859 2526 loeis
883 2462 1098 2527 luvenalianis
1114 2484 1249 2545 quaeqne
1266 2485 1324 2526 nos

263 2593 379 2672 cogant
414 2611 496 2652 cums
519 2588 698 2652 Ribbeokio
723 2588 900 2668 dissentire,
926 2610 997 2650 enm
1021 2589 1054 2650 in
1078 2588 1325 2651 declamatorem

212 2733 216 2740 ·
262 2714 433 2777 invehitur.
480 2713 529 2776 De
559 2714 648 2777 lauro
672 2713 891 2795 sacrificioque
915 2735 1011 2795 supra
1035 2713 1154 2776 dietum
1178 2717 1236 2776 est.
1285 2711 1324 2775 V.

265 2841 305 2902 70
341 2839 477 2901 multum
512 2859 675 2901 commune
699 2837 797 2900 babet
821 2859 893 2900 oum
915 2834 973 2901 Vl.
999 2837 1191 2913 219-2203
1228 2837 1325 2900 ael

264 2964 402 3027 conferri
437 2965 543 3044 potest
577 2983 648 3025 eum
682 2959 757 3025 VH.
796 2963 869 3026 115.
916 2961 1048 3024 Aiaoern
1083 2961 1172 3024 illum
1203 2966 1246 3038 (v.
1272 2963 1325 3033 84)

140 3166 145 3174 x
264 3090 400 3152 eundem
425 3109 492 3151 esse
517 3091 612 3170 atque
635 3086 809 3160 Tiberium,
833 3087 946 3170 negari
969 3109 1031 3150 non
1054 3090 1168 3169 potest.
1216 3083 1248 3149 Is
1273 3085 1326 3169 qui

264 3214 406 3296 loquitur
429 3235 462 3276 se
486 3213 599 3276 timere
624 3212 752 3290 fatetur,
777 3234 817 3274 ne
841 3211 926 3275 Aiax
948 3233 1066 3294 poenas
1091 3211 1216 3295 exigat3
1242 3210 1326 3274 Aiax

265 3337 365 3421 igitur
399 3339 499 3402 iratus
534 3341 582 3401 est
617 3340 649 3400 et
677 3337 798 3419 placari
822 3337 927 3400 debet.
974 3334 1086 3418 Itaque
1110 3339 1239 3399 senator
1261 3336 1326 3410 ille,

265 3463 292 3525 si
327 3463 419 3525 modo
453 3465 581 3526 senator
611 3465 669 3540 est,
695 3462 796 3525 arnico
819 3461 940 3536 suadet,
966 3464 1001 3524 ut
1024 3482 1132 3524 secum
1156 3464 1264 3523 currat
1289 3459 1325 3522 ad

266 3586 400 3650 Caesaris
435 3586 557 3650 hostem
592 3587 727 3670 pedibus
755 3586 952 3650 calcandum.
998 3583 1050 3648 Sic
1073 3588 1167 3668 putat
1189 3607 1223 3648 se
1247 3585 1325 3648 iram

267 3711 400 3774 Caesaris
435 3709 570 3794 (Aiacis)
605 3712 723 3794 optime
758 3711 957 3794 restinguere
992 3731 1093 3793 posse.
1142 3709 1209 3772 Alii
1233 3709 1326 3773 aliter

378 3976 397 4042 ¹)
417 3977 537 4056 annncn
555 3965 574 4030 l.
594 3978 612 4030 l.
632 3995 658 4046 p.
680 3979 702 4030 6.
