<?xml version="1.0" encoding="UTF-8"?>
<!DOCTYPE html PUBLIC "-//W3C//DTD XHTML 1.0 Transitional//EN"
    "http://www.w3.org/TR/xhtml1/DTD/xhtml1-transitional.dtd">
<html xmlns="http://www.w3.org/1999/xhtml" xml:lang="en" lang="en">
 <head>
  <title>
</title>
<meta http-equiv="Content-Type" content="text/html;charset=utf-8" />
  <meta name='ocr-system' content='tesseract 3.04.00' />
  <meta name='ocr-capabilities' content='ocr_page ocr_carea ocr_par ocr_line ocrx_word'/>
</head>
<body>
  <div class='ocr_page' id='page_1' title='image "./deargumentidisp00grylgoog_0214.png"; bbox 0 0 2930 4836; ppageno 0'>
   <div class='ocr_carea' id='block_1_1' title="bbox 590 448 763 512">
    <p class='ocr_par' dir='ltr' id='par_1_1' title="bbox 590 448 763 512">
     <span class='ocr_line' id='line_1_1' title="bbox 590 448 763 512; baseline -0.04 0"><span class='ocrx_word' id='word_1_1' title='bbox 590 448 763 512; x_wconf 46' lang='lat'>-952-</span> 
     </span>
    </p>
   </div>
   <div class='ocr_carea' id='block_1_2' title="bbox 138 625 1203 728">
    <p class='ocr_par' dir='ltr' id='par_1_2' title="bbox 138 625 1203 728">
     <span class='ocr_line' id='line_1_2' title="bbox 138 625 1203 728; baseline 0.001 -38"><span class='ocrx_word' id='word_1_2' title='bbox 138 625 337 690; x_wconf 86' lang='lat' dir='ltr'>exhibendas</span> <span class='ocrx_word' id='word_1_3' title='bbox 377 627 664 711; x_wconf 69' lang='lat' dir='ltr'>transgrederetur.</span> <span class='ocrx_word' id='word_1_4' title='bbox 726 625 853 728; x_wconf 79' lang='lat' dir='ltr'>Qffendi</span> <span class='ocrx_word' id='word_1_5' title='bbox 885 649 1056 710; x_wconf 82' lang='lat' dir='ltr'>possumus</span> <span class='ocrx_word' id='word_1_6' title='bbox 1093 628 1203 706; x_wconf 76' lang='lat' dir='ltr'>verbo,</span> 
     </span>
    </p>
   </div>
   <div class='ocr_carea' id='block_1_3' title="bbox 135 751 1242 4080">
    <p class='ocr_par' dir='ltr' id='par_1_3' title="bbox 138 751 1205 1580">
     <span class='ocr_line' id='line_1_3' title="bbox 138 751 1205 836; baseline 0.001 -22"><span class='ocrx_word' id='word_1_7' title='bbox 138 751 227 833; x_wconf 89' lang='lat' dir='ltr'>quod</span> <span class='ocrx_word' id='word_1_8' title='bbox 263 754 311 814; x_wconf 90' lang='lat' dir='ltr'>est</span> <span class='ocrx_word' id='word_1_9' title='bbox 346 751 449 833; x_wconf 87' lang='lat' dir='ltr'>prima</span> <span class='ocrx_word' id='word_1_10' title='bbox 485 751 598 833; x_wconf 88' lang='grc'>(1.2),</span> <span class='ocrx_word' id='word_1_11' title='bbox 640 753 731 835; x_wconf 86' lang='lat' dir='ltr'>quasi</span> <span class='ocrx_word' id='word_1_12' title='bbox 766 752 869 816; x_wconf 88' lang='lat' dir='ltr'>nulla&#39;</span> <span class='ocrx_word' id='word_1_13' title='bbox 887 756 1005 836; x_wconf 85' lang='lat' dir='ltr'>praeter</span> <span class='ocrx_word' id='word_1_14' title='bbox 1034 752 1205 816; x_wconf 81' lang='lat' dir='ltr'>bancalia</span> 
     </span>
     <span class='ocr_line' id='line_1_4' title="bbox 138 875 1201 954; baseline 0.003 -16"><span class='ocrx_word' id='word_1_15' title='bbox 138 875 222 938; x_wconf 90' lang='lat' dir='ltr'>ultio</span> <span class='ocrx_word' id='word_1_16' title='bbox 256 879 529 954; x_wconf 74' lang='lat' dir='ltr'>commemoretur,</span> <span class='ocrx_word' id='word_1_17' title='bbox 566 897 637 938; x_wconf 88' lang='lat' dir='ltr'>cum</span> <span class='ocrx_word' id='word_1_18' title='bbox 664 877 770 940; x_wconf 84' lang='lat' dir='ltr'>onmia</span> <span class='ocrx_word' id='word_1_19' title='bbox 794 877 832 940; x_wconf 84' lang='lat' dir='ltr'>ad</span> <span class='ocrx_word' id='word_1_20' title='bbox 858 877 953 940; x_wconf 90' lang='lat' dir='ltr'>animi</span> <span class='ocrx_word' id='word_1_21' title='bbox 979 879 1201 942; x_wconf 82' lang='lat' dir='ltr'>conscientiam</span> 
     </span>
     <span class='ocr_line' id='line_1_5' title="bbox 140 996 1205 1086; baseline 0.004 -24"><span class='ocrx_word' id='word_1_22' title='bbox 140 999 338 1077; x_wconf 67' lang='lat' dir='ltr'>referentum</span> <span class='ocrx_word' id='word_1_23' title='bbox 350 996 419 1063; x_wconf 70' lang='lat' dir='ltr'>‘sed</span> <span class='ocrx_word' id='word_1_24' title='bbox 442 1001 475 1062; x_wconf 91' lang='lat' dir='ltr'>in</span> <span class='ocrx_word' id='word_1_25' title='bbox 498 1000 560 1063; x_wconf 88' lang='lat' dir='ltr'>fine</span> <span class='ocrx_word' id='word_1_26' title='bbox 585 1001 690 1064; x_wconf 89' lang='lat' dir='ltr'>satirae</span> <span class='ocrx_word' id='word_1_27' title='bbox 714 1004 808 1084; x_wconf 89' lang='lat' dir='ltr'>poeta</span> <span class='ocrx_word' id='word_1_28' title='bbox 825 1001 945 1084; x_wconf 88' lang='lat' dir='ltr'>aliquid</span> <span class='ocrx_word' id='word_1_29' title='bbox 962 1002 1050 1086; x_wconf 78' lang='lat' dir='ltr'>addit</span> <span class='ocrx_word' id='word_1_30' title='bbox 1066 1003 1104 1065; x_wconf 92' lang='lat' dir='ltr'>de</span> <span class='ocrx_word' id='word_1_31' title='bbox 1120 1003 1205 1066; x_wconf 89' lang='lat' dir='ltr'>mala</span> 
     </span>
     <span class='ocr_line' id='line_1_6' title="bbox 140 1125 1204 1207; baseline 0.003 -20"><span class='ocrx_word' id='word_1_32' title='bbox 140 1125 380 1200; x_wconf 87' lang='lat' dir='ltr'>consuetudine,</span> <span class='ocrx_word' id='word_1_33' title='bbox 405 1147 475 1207; x_wconf 89' lang='lat' dir='ltr'>quae</span> <span class='ocrx_word' id='word_1_34' title='bbox 501 1125 626 1203; x_wconf 79' lang='lat' dir='ltr'>efficiat,</span> <span class='ocrx_word' id='word_1_35' title='bbox 651 1129 686 1188; x_wconf 87' lang='lat' dir='ltr'>ut</span> <span class='ocrx_word' id='word_1_36' title='bbox 710 1127 748 1188; x_wconf 88' lang='lat' dir='ltr'>ad</span> <span class='ocrx_word' id='word_1_37' title='bbox 773 1126 939 1190; x_wconf 87' lang='lat' dir='ltr'>damnatos</span> <span class='ocrx_word' id='word_1_38' title='bbox 964 1149 1065 1190; x_wconf 89' lang='lat' dir='ltr'>mores</span> <span class='ocrx_word' id='word_1_39' title='bbox 1088 1126 1204 1190; x_wconf 86' lang='lat' dir='ltr'>natura</span> 
     </span>
     <span class='ocr_line' id='line_1_7' title="bbox 139 1251 1203 1332; baseline 0.005 -21"><span class='ocrx_word' id='word_1_40' title='bbox 139 1271 268 1332; x_wconf 84' lang='lat' dir='ltr'>semper</span> <span class='ocrx_word' id='word_1_41' title='bbox 302 1253 446 1326; x_wconf 80' lang='lat' dir='ltr'>recurrat</span> <span class='ocrx_word' id='word_1_42' title='bbox 480 1255 523 1325; x_wconf 85' lang='grc'>(1.</span> <span class='ocrx_word' id='word_1_43' title='bbox 548 1251 636 1328; x_wconf 86' lang='grc'>239),</span> <span class='ocrx_word' id='word_1_44' title='bbox 661 1271 757 1332; x_wconf 86' lang='lat' dir='ltr'>quam</span> <span class='ocrx_word' id='word_1_45' title='bbox 780 1252 820 1314; x_wconf 91' lang='lat' dir='ltr'>ob</span> <span class='ocrx_word' id='word_1_46' title='bbox 844 1273 911 1314; x_wconf 88' lang='lat' dir='ltr'>rem</span> <span class='ocrx_word' id='word_1_47' title='bbox 935 1255 1020 1314; x_wconf 87' lang='lat' dir='ltr'>recte</span> <span class='ocrx_word' id='word_1_48' title='bbox 1046 1253 1203 1332; x_wconf 82' lang='lat' dir='ltr'>adfirmat,</span> 
     </span>
     <span class='ocr_line' id='line_1_8' title="bbox 139 1373 1203 1458; baseline 0.006 -23"><span class='ocrx_word' id='word_1_49' title='bbox 139 1373 313 1436; x_wconf 85' lang='lat' dir='ltr'>sceleratos</span> <span class='ocrx_word' id='word_1_50' title='bbox 351 1373 496 1436; x_wconf 89' lang='lat' dir='ltr'>homines</span> <span class='ocrx_word' id='word_1_51' title='bbox 536 1375 740 1458; x_wconf 83' lang='lat' dir='ltr'>gravissimas</span> <span class='ocrx_word' id='word_1_52' title='bbox 778 1397 896 1458; x_wconf 87' lang='lat' dir='ltr'>poenas</span> <span class='ocrx_word' id='word_1_53' title='bbox 932 1376 1101 1458; x_wconf 86' lang='lat' dir='ltr'>aliquando</span> <span class='ocrx_word' id='word_1_54' title='bbox 1136 1399 1203 1441; x_wconf 87' lang='lat' dir='ltr'>esse</span> 
     </span>
     <span class='ocr_line' id='line_1_9' title="bbox 140 1497 584 1580; baseline 0.005 -20"><span class='ocrx_word' id='word_1_55' title='bbox 140 1499 271 1562; x_wconf 89' lang='lat' dir='ltr'>daturos</span> <span class='ocrx_word' id='word_1_56' title='bbox 296 1497 360 1576; x_wconf 87' lang='lat' dir='ltr'><strong>(vv.</strong></span> <span class='ocrx_word' id='word_1_57' title='bbox 385 1499 584 1580; x_wconf 79' lang='lat'>244-247).</span> 
     </span>
    </p>

    <p class='ocr_par' dir='ltr' id='par_1_4' title="bbox 135 1602 1242 4080">
     <span class='ocr_line' id='line_1_10' title="bbox 249 1602 1205 1709; baseline 0.005 -24"><span class='ocrx_word' id='word_1_58' title='bbox 249 1620 318 1686; x_wconf 86' lang='lat' dir='ltr'>lam</span> <span class='ocrx_word' id='word_1_59' title='bbox 342 1645 375 1686; x_wconf 89' lang='lat' dir='ltr'>se</span> <span class='ocrx_word' id='word_1_60' title='bbox 401 1623 440 1686; x_wconf 88' lang='lat' dir='ltr'>ad</span> <span class='ocrx_word' id='word_1_61' title='bbox 465 1616 631 1688; x_wconf 80' lang='lat' dir='ltr'>Calvinum</span> <span class='ocrx_word' id='word_1_62' title='bbox 654 1602 749 1706; x_wconf 87' lang='lat' dir='ltr'>poeta</span> <span class='ocrx_word' id='word_1_63' title='bbox 766 1625 921 1688; x_wconf 88' lang='lat' dir='ltr'>convertit</span> <span class='ocrx_word' id='word_1_64' title='bbox 937 1623 980 1706; x_wconf 85' lang='grc'>(1.</span> <span class='ocrx_word' id='word_1_65' title='bbox 999 1625 1041 1708; x_wconf 83' lang='grc'>5),</span> <span class='ocrx_word' id='word_1_66' title='bbox 1059 1648 1205 1709; x_wconf 88' lang='lat' dir='ltr'>quaerens</span> 
     </span>
     <span class='ocr_line' id='line_1_11' title="bbox 139 1747 1204 1834; baseline 0.004 -24"><span class='ocrx_word' id='word_1_67' title='bbox 139 1747 219 1830; x_wconf 87' lang='lat' dir='ltr'>quid</span> <span class='ocrx_word' id='word_1_68' title='bbox 253 1747 397 1812; x_wconf 85' lang='lat' dir='ltr'>homines</span> <span class='ocrx_word' id='word_1_69' title='bbox 422 1749 459 1810; x_wconf 90' lang='lat' dir='ltr'>de</span> <span class='ocrx_word' id='word_1_70' title='bbox 483 1748 595 1811; x_wconf 85' lang='lat' dir='ltr'>fraude</span> <span class='ocrx_word' id='word_1_71' title='bbox 619 1749 738 1813; x_wconf 90' lang='lat' dir='ltr'>sentire</span> <span class='ocrx_word' id='word_1_72' title='bbox 761 1752 819 1832; x_wconf 89' lang='lat' dir='ltr'>put</span> <span class='ocrx_word' id='word_1_73' title='bbox 839 1753 862 1812; x_wconf 91' lang='lat' dir='ltr'>t.</span> <span class='ocrx_word' id='word_1_74' title='bbox 910 1750 953 1813; x_wconf 86' lang='lat' dir='ltr'>Et</span> <span class='ocrx_word' id='word_1_75' title='bbox 976 1751 1126 1834; x_wconf 88' lang='lat' dir='ltr'>quoniam</span> <span class='ocrx_word' id='word_1_76' title='bbox 1149 1753 1204 1815; x_wconf 91' lang='lat' dir='ltr'>ille</span> 
     </span>
     <span class='ocr_line' id='line_1_12' title="bbox 142 1871 1204 1966; baseline 0.005 -31"><span class='ocrx_word' id='word_1_77' title='bbox 142 1872 328 1935; x_wconf 83' lang='lat' dir='ltr'>divitiarum</span> <span class='ocrx_word' id='word_1_78' title='bbox 350 1871 429 1953; x_wconf 84' lang='lat' dir='ltr'>satis</span> <span class='ocrx_word' id='word_1_79' title='bbox 452 1871 570 1936; x_wconf 91' lang='lat' dir='ltr'>habere</span> <span class='ocrx_word' id='word_1_80' title='bbox 594 1873 749 1966; x_wconf 74' lang='lat' dir='ltr'>uideatur,</span> <span class='ocrx_word' id='word_1_81' title='bbox 775 1873 920 1937; x_wconf 85' lang='lat' dir='ltr'>hortatur</span> <span class='ocrx_word' id='word_1_82' title='bbox 944 1897 1025 1954; x_wconf 77' lang='lat' dir='ltr'>eum,</span> <span class='ocrx_word' id='word_1_83' title='bbox 1042 1877 1204 1946; x_wconf 82' lang='lat' dir='ltr'>neanimo</span> 
     </span>
     <span class='ocr_line' id='line_1_13' title="bbox 139 1997 1230 2080; baseline 0.006 -22"><span class='ocrx_word' id='word_1_84' title='bbox 139 1997 280 2076; x_wconf 82' lang='lat' dir='ltr'>deficiat,</span> <span class='ocrx_word' id='word_1_85' title='bbox 317 1997 496 2080; x_wconf 87' lang='lat' dir='ltr'>praesertim</span> <span class='ocrx_word' id='word_1_86' title='bbox 531 2019 599 2064; x_wconf 88' lang='lat' dir='ltr'>curn</span> <span class='ocrx_word' id='word_1_87' title='bbox 637 2001 668 2060; x_wconf 88' lang='lat' dir='ltr'>et</span> <span class='ocrx_word' id='word_1_88' title='bbox 702 2019 801 2080; x_wconf 84' lang='lat' dir='ltr'>parva</span> <span class='ocrx_word' id='word_1_89' title='bbox 836 1999 959 2061; x_wconf 85' lang='lat' dir='ltr'>iactura</span> <span class='ocrx_word' id='word_1_90' title='bbox 986 2001 1028 2062; x_wconf 87' lang='lat' dir='ltr'>sit</span> <span class='ocrx_word' id='word_1_91' title='bbox 1050 2023 1109 2064; x_wconf 89' lang='lat' dir='ltr'>nec</span> <span class='ocrx_word' id='word_1_92' title='bbox 1133 2013 1230 2064; x_wconf 86' lang='lat' dir='ltr'>rara·</span> 
     </span>
     <span class='ocr_line' id='line_1_14' title="bbox 138 2115 1204 2208; baseline 0.004 -24"><span class='ocrx_word' id='word_1_93' title='bbox 138 2122 275 2184; x_wconf 88' lang='lat' dir='ltr'>istorum</span> <span class='ocrx_word' id='word_1_94' title='bbox 303 2120 460 2184; x_wconf 90' lang='lat' dir='ltr'>scelerum</span> <span class='ocrx_word' id='word_1_95' title='bbox 484 2122 638 2204; x_wconf 87' lang='lat' dir='ltr'>exempla.</span> <span class='ocrx_word' id='word_1_96' title='bbox 684 2120 758 2186; x_wconf 90' lang='lat' dir='ltr'>Non</span> <span class='ocrx_word' id='word_1_97' title='bbox 782 2123 897 2186; x_wconf 83' lang='lat' dir='ltr'>debere</span> <span class='ocrx_word' id='word_1_98' title='bbox 921 2122 980 2187; x_wconf 93' lang='lat' dir='ltr'>hoc</span> <span class='ocrx_word' id='word_1_99' title='bbox 1005 2115 1124 2203; x_wconf 69' lang='lat' dir='ltr'>mirari,</span> <span class='ocrx_word' id='word_1_100' title='bbox 1149 2127 1204 2208; x_wconf 89' lang='lat' dir='ltr'>qui</span> 
     </span>
     <span class='ocr_line' id='line_1_15' title="bbox 137 2246 1203 2331; baseline 0.005 -24"><span class='ocrx_word' id='word_1_101' title='bbox 137 2246 206 2308; x_wconf 85' lang='lat' dir='ltr'>iam</span> <span class='ocrx_word' id='word_1_102' title='bbox 245 2246 413 2330; x_wconf 82' lang='lat' dir='ltr'>sexaginta</span> <span class='ocrx_word' id='word_1_103' title='bbox 453 2269 549 2310; x_wconf 84' lang='lat' dir='ltr'>annos</span> <span class='ocrx_word' id='word_1_104' title='bbox 583 2247 709 2309; x_wconf 83' lang='lat' dir='ltr'>vixerit.</span> <span class='ocrx_word' id='word_1_105' title='bbox 769 2246 888 2311; x_wconf 83' lang='lat' dir='ltr'>lterum</span> <span class='ocrx_word' id='word_1_106' title='bbox 922 2270 1031 2320; x_wconf 79' lang='lat' dir='ltr'>usum.</span> <span class='ocrx_word' id='word_1_107' title='bbox 1049 2249 1203 2331; x_wconf 87' lang='lat' dir='ltr'>optimum</span> 
     </span>
     <span class='ocr_line' id='line_1_16' title="bbox 138 2370 1242 2458; baseline 0.006 -27"><span class='ocrx_word' id='word_1_108' title='bbox 138 2371 333 2453; x_wconf 84' lang='lat' dir='ltr'>magistrum</span> <span class='ocrx_word' id='word_1_109' title='bbox 369 2391 436 2432; x_wconf 89' lang='lat' dir='ltr'>esse</span> <span class='ocrx_word' id='word_1_110' title='bbox 472 2370 514 2452; x_wconf 90' lang='lat' dir='ltr'>(v.</span> <span class='ocrx_word' id='word_1_111' title='bbox 553 2370 623 2452; x_wconf 84' lang='lat'>18);</span> <span class='ocrx_word' id='word_1_112' title='bbox 659 2371 859 2453; x_wconf 79' lang='lat' dir='ltr'>sapientiam,</span> <span class='ocrx_word' id='word_1_113' title='bbox 883 2395 954 2455; x_wconf 85' lang='lat' dir='ltr'>quae</span> <span class='ocrx_word' id='word_1_114' title='bbox 978 2373 1097 2437; x_wconf 83' lang='lat' dir='ltr'>libellis</span> <span class='ocrx_word' id='word_1_115' title='bbox 1120 2396 1200 2458; x_wconf 83' lang='lat' dir='ltr'>pree·</span> <span class='ocrx_word' id='word_1_116' title='bbox 1237 2414 1242 2420; x_wconf 91' lang='lat'><em>-</em></span> 
     </span>
     <span class='ocr_line' id='line_1_17' title="bbox 138 2495 1241 2604; baseline 0.005 -47"><span class='ocrx_word' id='word_1_117' title='bbox 138 2497 237 2577; x_wconf 87' lang='lat' dir='ltr'>cepta</span> <span class='ocrx_word' id='word_1_118' title='bbox 261 2495 324 2574; x_wconf 84' lang='lat' dir='ltr'>det,</span> <span class='ocrx_word' id='word_1_119' title='bbox 348 2517 410 2558; x_wconf 90' lang='lat' dir='ltr'>non</span> <span class='ocrx_word' id='word_1_120' title='bbox 435 2496 696 2558; x_wconf 83' lang='lat' dir='ltr'>contemnendam</span> <span class='ocrx_word' id='word_1_121' title='bbox 720 2496 848 2578; x_wconf 87' lang='lat' dir='ltr'>quidem</span> <span class='ocrx_word' id='word_1_122' title='bbox 873 2519 950 2575; x_wconf 82' lang='lat' dir='ltr'>esse,</span> <span class='ocrx_word' id='word_1_123' title='bbox 976 2519 992 2560; x_wconf 93' lang='lat' dir='ltr'>e</span> <span class='ocrx_word' id='word_1_124' title='bbox 1014 2499 1080 2561; x_wconf 84' lang='lat' dir='ltr'>vita</span> <span class='ocrx_word' id='word_1_125' title='bbox 1097 2503 1205 2562; x_wconf 90' lang='lat' dir='ltr'>tamen</span> <span class='ocrx_word' id='word_1_126' title='bbox 1236 2585 1241 2604; x_wconf 43' lang='grc' dir='ltr'><strong><em>Ι</em></strong></span> 
     </span>
     <span class='ocr_line' id='line_1_18' title="bbox 136 2613 1204 2704; baseline 0.004 -22"><span class='ocrx_word' id='word_1_127' title='bbox 136 2619 302 2682; x_wconf 87' lang='lat' dir='ltr'>cotidiana</span> <span class='ocrx_word' id='word_1_128' title='bbox 337 2619 476 2683; x_wconf 84' lang='lat' dir='ltr'>meliora¹</span> <span class='ocrx_word' id='word_1_129' title='bbox 504 2620 599 2682; x_wconf 86' lang='lat' dir='ltr'>etiam</span> <span class='ocrx_word' id='word_1_130' title='bbox 635 2623 797 2703; x_wconf 87' lang='lat' dir='ltr'>praecepta</span> <span class='ocrx_word' id='word_1_131' title='bbox 831 2613 913 2684; x_wconf 86' lang='lat' dir='ltr'>sumi</span> <span class='ocrx_word' id='word_1_132' title='bbox 947 2643 1038 2704; x_wconf 88' lang='lat' dir='ltr'>posse</span> <span class='ocrx_word' id='word_1_133' title='bbox 1070 2622 1112 2704; x_wconf 84' lang='lat' dir='ltr'>(v.</span> <span class='ocrx_word' id='word_1_134' title='bbox 1138 2624 1204 2704; x_wconf 87' lang='grc'>22).</span> 
     </span>
     <span class='ocr_line' id='line_1_19' title="bbox 136 2744 1203 2827; baseline 0.003 -19"><span class='ocrx_word' id='word_1_135' title='bbox 136 2744 194 2808; x_wconf 86' lang='lat' dir='ltr'>Ad</span> <span class='ocrx_word' id='word_1_136' title='bbox 229 2745 361 2808; x_wconf 89' lang='lat' dir='ltr'>eandem</span> <span class='ocrx_word' id='word_1_137' title='bbox 396 2745 587 2807; x_wconf 81' lang='lat' dir='ltr'>sententiam</span> <span class='ocrx_word' id='word_1_138' title='bbox 621 2748 716 2827; x_wconf 85' lang='lat' dir='ltr'>poeta</span> <span class='ocrx_word' id='word_1_139' title='bbox 747 2745 832 2808; x_wconf 84' lang='lat' dir='ltr'>infra</span> <span class='ocrx_word' id='word_1_140' title='bbox 856 2747 1028 2810; x_wconf 84' lang='lat' dir='ltr'>revertitur</span> <span class='ocrx_word' id='word_1_141' title='bbox 1052 2752 1112 2824; x_wconf 84' lang='grc'>(11.</span> <span class='ocrx_word' id='word_1_142' title='bbox 1140 2751 1203 2811; x_wconf 85' lang='grc'>120</span> 
     </span>
     <span class='ocr_line' id='line_1_20' title="bbox 136 2861 1223 2951; baseline 0.004 -19"><span class='ocrx_word' id='word_1_143' title='bbox 136 2868 224 2950; x_wconf 90' lang='lat' dir='ltr'>sqq.)</span> <span class='ocrx_word' id='word_1_144' title='bbox 255 2867 371 2942; x_wconf 80' lang='lat' dir='ltr'>-Quale</span> <span class='ocrx_word' id='word_1_145' title='bbox 403 2869 445 2932; x_wconf 89' lang='lat' dir='ltr'>sit</span> <span class='ocrx_word' id='word_1_146' title='bbox 468 2869 557 2947; x_wconf 78' lang='lat' dir='ltr'>illud,</span> <span class='ocrx_word' id='word_1_147' title='bbox 582 2870 664 2951; x_wconf 90' lang='lat' dir='ltr'>quod</span> <span class='ocrx_word' id='word_1_148' title='bbox 690 2869 857 2948; x_wconf 75' lang='lat' dir='ltr'>discamus,</span> <span class='ocrx_word' id='word_1_149' title='bbox 881 2861 908 2934; x_wconf 81' lang='lat' dir='ltr'>si</span> <span class='ocrx_word' id='word_1_150' title='bbox 933 2871 1030 2934; x_wconf 89' lang='lat' dir='ltr'>oculis</span> <span class='ocrx_word' id='word_1_151' title='bbox 1055 2873 1102 2935; x_wconf 91' lang='lat' dir='ltr'>uti</span> <span class='ocrx_word' id='word_1_152' title='bbox 1125 2873 1223 2936; x_wconf 51' lang='lat' dir='ltr'>veli·¹</span> 
     </span>
     <span class='ocr_line' id='line_1_21' title="bbox 135 2993 1204 3080; baseline 0.006 -25"><span class='ocrx_word' id='word_1_153' title='bbox 135 3015 222 3071; x_wconf 80' lang='grc'>111111,</span> <span class='ocrx_word' id='word_1_154' title='bbox 257 2993 330 3056; x_wconf 85' lang='lat' dir='ltr'>inde</span> <span class='ocrx_word' id='word_1_155' title='bbox 355 3015 425 3057; x_wconf 91' lang='grc'>11.</span> <span class='ocrx_word' id='word_1_156' title='bbox 452 2995 493 3058; x_wconf 88' lang='grc'>23</span> <span class='ocrx_word' id='word_1_157' title='bbox 517 2994 608 3057; x_wconf 90' lang='lat' dir='ltr'>nobis</span> <span class='ocrx_word' id='word_1_158' title='bbox 632 2995 780 3058; x_wconf 87' lang='lat' dir='ltr'>ostendit.</span> <span class='ocrx_word' id='word_1_159' title='bbox 828 2993 955 3059; x_wconf 83' lang='lat' dir='ltr'>Scelera</span> <span class='ocrx_word' id='word_1_160' title='bbox 978 2997 1095 3080; x_wconf 91' lang='lat' dir='ltr'>ubique</span> <span class='ocrx_word' id='word_1_161' title='bbox 1120 3019 1204 3062; x_wconf 89' lang='lat' dir='ltr'>com-</span> 
     </span>
     <span class='ocr_line' id='line_1_22' title="bbox 136 3118 1206 3202; baseline 0.002 -20"><span class='ocrx_word' id='word_1_162' title='bbox 136 3118 238 3194; x_wconf 86' lang='lat' dir='ltr'>mitti,</span> <span class='ocrx_word' id='word_1_163' title='bbox 277 3119 376 3181; x_wconf 79' lang='grc'>111111</span> <span class='ocrx_word' id='word_1_164' title='bbox 410 3139 547 3197; x_wconf 77' lang='lat' dir='ltr'>movere,</span> <span class='ocrx_word' id='word_1_165' title='bbox 587 3119 641 3201; x_wconf 89' lang='lat' dir='ltr'>qui</span> <span class='ocrx_word' id='word_1_166' title='bbox 677 3120 825 3202; x_wconf 80' lang='lat' dir='ltr'>postulet,</span> <span class='ocrx_word' id='word_1_167' title='bbox 860 3124 896 3184; x_wconf 90' lang='lat' dir='ltr'>ut</span> <span class='ocrx_word' id='word_1_168' title='bbox 930 3120 1061 3184; x_wconf 91' lang='lat' dir='ltr'>honeste</span> <span class='ocrx_word' id='word_1_169' title='bbox 1096 3122 1206 3186; x_wconf 84' lang='lat' dir='ltr'>vivant</span> 
     </span>
     <span class='ocr_line' id='line_1_23' title="bbox 135 3240 1206 3328; baseline 0.003 -21"><span class='ocrx_word' id='word_1_170' title='bbox 135 3243 295 3308; x_wconf 88' lang='lat' dir='ltr'>homines.</span> <span class='ocrx_word' id='word_1_171' title='bbox 342 3241 417 3306; x_wconf 90' lang='lat' dir='ltr'>Non</span> <span class='ocrx_word' id='word_1_172' title='bbox 450 3243 536 3328; x_wconf 84' lang='lat' dir='ltr'>fugit</span> <span class='ocrx_word' id='word_1_173' title='bbox 570 3264 637 3322; x_wconf 85' lang='lat' dir='ltr'>nos,</span> <span class='ocrx_word' id='word_1_174' title='bbox 669 3240 852 3308; x_wconf 84' lang='lat' dir='ltr'>Iuvenalem</span> <span class='ocrx_word' id='word_1_175' title='bbox 876 3243 1206 3310; x_wconf 75' lang='lat' dir='ltr'>occasionem-uetera</span> 
     </span>
     <span class='ocr_line' id='line_1_24' title="bbox 136 3368 1205 3453; baseline 0.002 -20"><span class='ocrx_word' id='word_1_176' title='bbox 136 3371 175 3433; x_wconf 89' lang='lat' dir='ltr'>et</span> <span class='ocrx_word' id='word_1_177' title='bbox 210 3368 316 3431; x_wconf 87' lang='lat' dir='ltr'>felicia</span> <span class='ocrx_word' id='word_1_178' title='bbox 351 3372 496 3450; x_wconf 87' lang='lat' dir='ltr'>tempora</span> <span class='ocrx_word' id='word_1_179' title='bbox 531 3389 602 3436; x_wconf 86' lang='lat' dir='ltr'>cum</span> <span class='ocrx_word' id='word_1_180' title='bbox 630 3391 687 3431; x_wconf 89' lang='lat' dir='ltr'>sua</span> <span class='ocrx_word' id='word_1_181' title='bbox 711 3373 858 3453; x_wconf 87' lang='lat' dir='ltr'>corrupta</span> <span class='ocrx_word' id='word_1_182' title='bbox 882 3373 977 3433; x_wconf 83' lang='lat' dir='ltr'>aetate</span> <span class='ocrx_word' id='word_1_183' title='bbox 1001 3374 1205 3453; x_wconf 86' lang='lat' dir='ltr'>comparandi</span> 
     </span>
     <span class='ocr_line' id='line_1_25' title="bbox 136 3492 1204 3578; baseline 0.004 -22"><span class='ocrx_word' id='word_1_184' title='bbox 136 3515 270 3576; x_wconf 89' lang='lat' dir='ltr'>semper</span> <span class='ocrx_word' id='word_1_185' title='bbox 293 3496 433 3576; x_wconf 77' lang='lat' dir='ltr'>captare,</span> <span class='ocrx_word' id='word_1_186' title='bbox 458 3492 546 3555; x_wconf 89' lang='lat' dir='ltr'>cuius</span> <span class='ocrx_word' id='word_1_187' title='bbox 570 3493 617 3556; x_wconf 90' lang='lat' dir='ltr'>rei</span> <span class='ocrx_word' id='word_1_188' title='bbox 641 3496 734 3556; x_wconf 86' lang='lat' dir='ltr'>antea</span> <span class='ocrx_word' id='word_1_189' title='bbox 758 3495 859 3556; x_wconf 87' lang='lat' dir='ltr'>multa</span> <span class='ocrx_word' id='word_1_190' title='bbox 883 3495 1029 3578; x_wconf 84' lang='lat' dir='ltr'>exempla</span> <span class='ocrx_word' id='word_1_191' title='bbox 1052 3497 1204 3571; x_wconf 86' lang='lat' dir='ltr'>vidimus;</span> 
     </span>
     <span class='ocr_line' id='line_1_26' title="bbox 135 3616 1205 3701; baseline 0.002 -19"><span class='ocrx_word' id='word_1_192' title='bbox 135 3621 208 3683; x_wconf 89' lang='lat' dir='ltr'>iam</span> <span class='ocrx_word' id='word_1_193' title='bbox 242 3619 343 3680; x_wconf 84' lang='lat' dir='ltr'>altera</span> <span class='ocrx_word' id='word_1_194' title='bbox 375 3617 498 3680; x_wconf 85' lang='lat' dir='ltr'>occasio</span> <span class='ocrx_word' id='word_1_195' title='bbox 522 3617 562 3678; x_wconf 88' lang='lat' dir='ltr'>ad</span> <span class='ocrx_word' id='word_1_196' title='bbox 586 3616 761 3680; x_wconf 89' lang='lat' dir='ltr'>eiusmodi</span> <span class='ocrx_word' id='word_1_197' title='bbox 785 3619 1052 3701; x_wconf 86' lang='lat' dir='ltr'>comparationem</span> <span class='ocrx_word' id='word_1_198' title='bbox 1076 3621 1205 3684; x_wconf 90' lang='lat' dir='ltr'>institu-</span> 
     </span>
     <span class='ocr_line' id='line_1_27' title="bbox 136 3742 1204 3820; baseline 0 -12"><span class='ocrx_word' id='word_1_199' title='bbox 136 3743 257 3820; x_wconf 80' lang='lat' dir='ltr'>endam</span> <span class='ocrx_word' id='word_1_200' title='bbox 292 3743 399 3806; x_wconf 87' lang='lat' dir='ltr'>oblata</span> <span class='ocrx_word' id='word_1_201' title='bbox 435 3745 492 3820; x_wconf 86' lang='lat' dir='ltr'>est,</span> <span class='ocrx_word' id='word_1_202' title='bbox 528 3761 588 3804; x_wconf 88' lang='lat' dir='ltr'>nec</span> <span class='ocrx_word' id='word_1_203' title='bbox 622 3742 737 3804; x_wconf 88' lang='lat' dir='ltr'>mirum</span> <span class='ocrx_word' id='word_1_204' title='bbox 773 3743 800 3805; x_wconf 85' lang='lat' dir='ltr'>si</span> <span class='ocrx_word' id='word_1_205' title='bbox 830 3744 941 3808; x_wconf 80' lang='lat' dir='ltr'>utitur.</span> <span class='ocrx_word' id='word_1_206' title='bbox 988 3743 1035 3807; x_wconf 81' lang='lat' dir='ltr'>Re</span> <span class='ocrx_word' id='word_1_207' title='bbox 1071 3768 1147 3808; x_wconf 84' lang='lat' dir='ltr'>vero</span> <span class='ocrx_word' id='word_1_208' title='bbox 1170 3745 1204 3808; x_wconf 92' lang='lat' dir='ltr'>hi</span> 
     </span>
     <span class='ocr_line' id='line_1_28' title="bbox 135 3866 1205 3952; baseline -0.001 -19"><span class='ocrx_word' id='word_1_209' title='bbox 135 3890 252 3933; x_wconf 84' lang='lat' dir='ltr'>versus</span> <span class='ocrx_word' id='word_1_210' title='bbox 277 3868 435 3948; x_wconf 82' lang='lat'>(38-59)</span> <span class='ocrx_word' id='word_1_211' title='bbox 459 3866 609 3950; x_wconf 84' lang='lat' dir='ltr'>praeolari</span> <span class='ocrx_word' id='word_1_212' title='bbox 632 3871 716 3944; x_wconf 82' lang='lat' dir='ltr'>sunt,</span> <span class='ocrx_word' id='word_1_213' title='bbox 740 3866 774 3928; x_wconf 96' lang='lat' dir='ltr'>in</span> <span class='ocrx_word' id='word_1_214' title='bbox 797 3867 912 3950; x_wconf 86' lang='lat' dir='ltr'>quibus</span> <span class='ocrx_word' id='word_1_215' title='bbox 937 3869 974 3932; x_wconf 92' lang='lat' dir='ltr'>de</span> <span class='ocrx_word' id='word_1_216' title='bbox 998 3870 1134 3952; x_wconf 84' lang='lat' dir='ltr'>pristina</span> <span class='ocrx_word' id='word_1_217' title='bbox 1149 3870 1205 3933; x_wconf 86' lang='lat' dir='ltr'>illa</span> 
     </span>
     <span class='ocr_line' id='line_1_29' title="bbox 135 3991 1204 4080; baseline -0.001 -24"><span class='ocrx_word' id='word_1_218' title='bbox 135 3994 303 4080; x_wconf 86' lang='lat' dir='ltr'>probitate</span> <span class='ocrx_word' id='word_1_219' title='bbox 340 3992 476 4069; x_wconf 74' lang='lat' dir='ltr'>disserit,</span> <span class='ocrx_word' id='word_1_220' title='bbox 504 4014 562 4056; x_wconf 91' lang='lat' dir='ltr'>nec</span> <span class='ocrx_word' id='word_1_221' title='bbox 587 3992 672 4054; x_wconf 90' lang='lat' dir='ltr'>aliud</span> <span class='ocrx_word' id='word_1_222' title='bbox 695 3991 847 4056; x_wconf 90' lang='lat' dir='ltr'>iudicium</span> <span class='ocrx_word' id='word_1_223' title='bbox 872 4015 939 4056; x_wconf 89' lang='lat' dir='ltr'>esse</span> <span class='ocrx_word' id='word_1_224' title='bbox 964 3996 1068 4075; x_wconf 88' lang='lat' dir='ltr'>potest</span> <span class='ocrx_word' id='word_1_225' title='bbox 1092 3995 1130 4057; x_wconf 94' lang='lat' dir='ltr'>de</span> <span class='ocrx_word' id='word_1_226' title='bbox 1155 3995 1204 4072; x_wconf 83' lang='lat' dir='ltr'>iis,</span> 
     </span>
    </p>
   </div>
   <div class='ocr_carea' id='block_1_4' title="bbox 134 4116 689 4206">
    <p class='ocr_par' dir='ltr' id='par_1_5' title="bbox 134 4116 689 4206">
     <span class='ocr_line' id='line_1_30' title="bbox 134 4116 689 4206; baseline -0.004 -24"><span class='ocrx_word' id='word_1_227' title='bbox 134 4121 198 4206; x_wconf 79' lang='lat' dir='ltr'>qui</span> <span class='ocrx_word' id='word_1_228' title='bbox 221 4119 270 4181; x_wconf 89' lang='lat' dir='ltr'>his</span> <span class='ocrx_word' id='word_1_229' title='bbox 294 4124 496 4202; x_wconf 88' lang='lat' dir='ltr'>opponuntur</span> <span class='ocrx_word' id='word_1_230' title='bbox 520 4116 689 4196; x_wconf 64' lang='lat' dir='ltr'>(to—lo).</span> 
     </span>
    </p>
   </div>
   <div class='ocr_carea' id='block_1_5' title="bbox 0 0 1470 4836">
    <p class='ocr_par' dir='ltr' id='par_1_6' title="bbox 0 0 1470 4836">
     <span class='ocr_line' id='line_1_31' title="bbox 0 0 1470 4836; baseline 0 0"><span class='ocrx_word' id='word_1_231' title='bbox 0 0 1470 4836; x_wconf 95' lang='lat' dir='ltr'> </span> 
     </span>
    </p>
   </div>
  </div>
 </body>
</html>
