2930 4836
669 1236 821 1346 Satira
858 1237 949 1347 ΧΗ.

360 1467 472 1532 'Sitne
498 1468 568 1532 haec
591 1469 690 1532 satira
712 1468 746 1531 in
769 1491 935 1531 numerum
958 1467 1124 1532 meliorum
1140 1468 1343 1547 ascribenda,

277 1594 310 1656 in
346 1594 608 1678 disceptationem
642 1594 784 1657 revocari
818 1596 934 1676 potest.
981 1591 1042 1668 Qui
1076 1593 1244 1656 laudarent
1276 1615 1341 1656 non

278 1718 462 1796 defuerunt3
487 1718 565 1781 mihi
590 1719 717 1801 quidem
741 1722 774 1780 et
797 1721 1020 1802 argumentum
1043 1722 1075 1780 et
1092 1718 1226 1781 fortasse
1243 1717 1342 1781 etiam

278 1845 460 1927 argumenti
483 1844 721 1926 dispositionem
745 1843 967 1919 consideranti,
991 1866 1054 1906 non
1081 1843 1176 1906 nimis
1192 1843 1343 1906 laudibus

278 1969 459 2032 extollenda
493 1969 628 2031 videtur.
675 1965 782 2031 Inesse
818 1968 851 2030 in
886 1990 933 2045 ea,
969 1989 1040 2050 quae
1074 1972 1275 2031 venustatem
1308 1975 1343 2030 et

278 2095 416 2177 gratiam
450 2093 660 2157 Horatianam
695 2093 893 2168 aemulentun
917 2115 980 2156 non
1002 2114 1095 2176 nego,
1119 2092 1213 2174 plura
1236 2092 1341 2168 videm

277 2241 347 2302 quae
371 2241 435 2282 non
458 2220 550 2282 modo
575 2220 615 2282 ab
639 2218 695 2281 illa
718 2221 884 2281 venustate
908 2221 940 2280 et
955 2218 1061 2310 lepido
1078 2217 1204 2280 dicendi
1221 2239 1341 2301 genere

278 2367 390 2408 verum
414 2345 540 2407 omnino
564 2346 604 2408 ab
628 2345 697 2426 ipsa
721 2348 788 2405 arte
812 2341 1018 2406 luvenaliana
1034 2343 1167 2404 nimium
1184 2345 1339 2424 quantum

280 2468 483 2533 abhorreant.
531 2468 668 2532 Satiram
703 2468 920 2531 duodecimam
943 2491 962 2530 a
986 2465 1136 2530 Iuvenale
1159 2489 1223 2530 non
1247 2467 1341 2532 abiu-

277 2595 359 2672 dico,
395 2595 450 2657 sed
484 2598 552 2656 tam
586 2593 698 2677 gravia
733 2597 805 2655 sunt
839 2593 905 2670 illa,
930 2615 1001 2674 quae
1026 2592 1279 2668 commemoravi,
1302 2597 1341 2654 ut

276 2719 479 2782 mirationem
506 2717 627 2780 iaciant
650 2739 767 2800 nosque
792 2721 910 2800 cogant
932 2717 1102 2800 inquirere,
1127 2738 1274 2798 quaenam
1297 2717 1341 2778 sit

276 2843 346 2906 illa.
368 2864 473 2920 causa,
509 2865 572 2925 qua
607 2844 767 2924 permotus
802 2845 897 2923 poeta
932 2842 972 2904 ad
1007 2841 1074 2903 eius
1097 2841 1182 2904 modi
1206 2841 1339 2914 satiram

276 2968 525 3051 componendam
549 2989 720 3050 aggressus
744 2967 795 3029 sit.
842 2967 1078 3049 Argumentum
1103 2965 1318 3047 inspiciamus,

383 3091 431 3156 Ob
467 3092 605 3155 reditum
640 3091 757 3155 Catulli
781 3090 875 3152 amici
899 3094 994 3172 poeta
1017 3089 1208 3152 sacrificium
1231 3089 1339 3152 facere

274 3218 352 3281 vult.
399 3215 512 3299 Neque
536 3216 698 3295 iniustum,
723 3237 795 3278 narn
821 3215 951 3292 amicus
969 3236 1041 3276 cum
1056 3215 1089 3276 in
1106 3214 1222 3276 itinere
1238 3205 1344 3276 mari-¹

274 3341 353 3406 timo
377 3345 469 3414 esset,
494 3345 541 3404 tot
564 3341 638 3404 vitae
661 3340 804 3423 pericula
829 3341 959 3416 adierat,
986 3344 1020 3402 ut
1040 3339 1160 3402 servari
1176 3360 1265 3420 posse
1282 3338 1337 3401 vix

275 3467 448 3530 videretur.
483 3466 605 3530 Praeter
621 3466 801 3549 opinionem
817 3463 870 3528 hic
886 3465 960 3527 vitae
977 3465 1119 3527 redditus
1136 3467 1200 3540 est,
1218 3462 1337 3548 gaudio

275 3591 437 3654 exsultans
471 3594 565 3673 poeta
600 3590 735 3654 Corvino
764 3589 846 3652 hanc
871 3589 1038 3672 epistolam
1061 3588 1169 3666 mittit,
1194 3587 1337 3670 pericula

276 3716 393 3780 Catulli
418 3716 558 3797 exponit,
582 3716 741 3798 promittit
759 3737 792 3778 se
809 3715 999 3778 sacrificium
1016 3715 1176 3776 facturum
1192 3713 1336 3795 petitque.
1364 3713 1370 3734 ‘

275 3865 293 3903 a
318 3841 461 3917 Comino,
485 3842 581 3901 utne
606 3840 647 3902 sit
671 3840 700 3903 ei
724 3843 906 3921 suspectum
929 3837 988 3900 hoc
1013 3860 1103 3900 suum
1126 3835 1333 3900 inseruitum

275 3965 411 4028 amicum
447 3964 601 4040 studium3
640 3987 703 4028 non
738 3967 936 4046 captatorem
971 3983 1005 4024 se
1040 3983 1118 4039 esse,
1153 3983 1267 4044 purum
1302 3963 1336 4022 et

274 4090 429 4153 sincerum
467 4110 538 4150 eum
575 4110 714 4151 amorem
750 4109 829 4162 esse,
865 4088 920 4171 qui
954 4086 1039 4149 inter
1062 4109 1095 4148 se
1120 4089 1152 4148 et
1176 4085 1333 4150 Catullum
