2854 4828
542 457 714 520 „11-

87 658 141 698 vv.
167 635 298 700 50-53
323 635 514 718 vituperata,
547 657 637 719 aeque
672 637 751 699 bene
776 636 815 698 ad
839 657 876 698 ea
899 637 997 701 verba
1021 627 1156 714 transire

85 760 199 842 possit,
223 781 293 843 quae
317 762 392 822 sunt

221 936 276 1005 dic,
301 955 412 1010 passer,
438 935 485 993 cui
508 937 555 993 tot
578 938 702 1005 montes,
728 939 774 993 tot
796 935 908 1010 praedia
933 939 1051 994 servas?

200 1097 297 1162 Errat
319 1101 476 1182 praeterea
499 1089 704 1178 Schmidtius,
729 1120 800 1164 cum
824 1088 923 1163 verba
946 1097 1002 1162 illa

374 1276 405 1332 et
428 1275 523 1331 strata
546 1253 660 1348 positus
684 1274 833 1348 longaque
857 1275 998 1332 cathedra

169 1366 174 1381 ¹
220 1379 501 1438 munerat'emineis
525 1383 637 1439 tractat
660 1384 772 1438 secreta
795 1379 935 1439 Kalendis

86 1544 131 1606 ad
167 1547 336 1626 utrumque
372 1543 572 1606 enuntiatum
602 1543 763 1627 pertinere
788 1543 874 1622 dicit,
899 1547 931 1607 et
955 1544 994 1607 ad
1020 1545 1159 1608 ”natalis

89 1668 240 1750 quotiens
275 1667 379 1731 redit’'
408 1671 440 1730 et
464 1668 503 1731 ad
529 1669 606 1731 '’aut
627 1668 790 1730 madidum
813 1690 869 1733 ver
892 1669 1038 1752 incipit''.
1084 1667 1157 1733 Nisi

86 1788 172 1856 forte
208 1795 341 1870 constat,
375 1791 547 1856 Virronem
582 1791 622 1858 K.
657 1792 783 1856 Martiis
818 1796 929 1858 natum
952 1793 1061 1871 fuisse,
1086 1816 1156 1878 quae

86 1917 225 2000 quaestio
250 1917 386 1980 difficilis
410 1917 453 1980 sit
476 1919 516 1980 ad
540 1917 784 2000 explanandum.

198 2039 271 2106 Non
302 2041 518 2125 relinquemus
541 2041 598 2106 hos
622 2064 731 2106 versus
754 2042 940 2126 priusquam
963 2044 1156 2109 mentionem

86 2167 128 2230 dc
154 2166 328 2231 elocutione
353 2167 490 2250 quedam
514 2155 694 2244 fecerimus,
718 2189 788 2252 quae
814 2171 846 2230 et
868 2167 920 2230 hic
937 2169 1029 2232 nobis
1046 2191 1156 2234 occur·

85 2291 134 2354 rit
168 2312 326 2374 quamque
361 2292 394 2355 in
429 2292 589 2375 prioribus
623 2292 729 2356 satiris
757 2293 821 2356 ism
851 2293 1049 2358 offendimus
1096 2294 1156 2358 Est

87 2437 165 2478 usus
189 2415 243 2479 ille
274 2417 452 2499 particulae,
477 2439 548 2500 quae
573 2421 621 2482 est
645 2439 694 2496 en,
720 2419 759 2481 ad
782 2417 939 2481 vimeius
964 2420 1154 2507 augendam,

67 2541 175 2624 'quod
200 2562 271 2604 curn
285 2542 365 2606 'odio
388 2545 421 2606 et
443 2542 589 2606 irrisione
615 2542 754 2606 dicatur:

220 2735 256 2774 en
280 2715 327 2774 cui
351 2720 385 2774 tu
403 2717 542 2774 'viridem
556 2717 727 2787 umbellam,
753 2717 801 2776 cui
824 2718 926 2776 sucina
949 2717 1067 2776 mittes!

198 2878 319 2953 Quibus
341 2880 448 2944 verbis
472 2883 568 2963 poeta
591 2880 682 2963 quasi
705 2880 737 2943 in
762 2902 860 2944 unum
879 2903 917 2944 ea
933 2881 1067 2966 colligit,
1084 2877 1155 2966 qua'e

86 3005 293 3080 antecedunt,
329 3008 500 3087 antequam
535 3005 576 3068 ad
610 3028 724 3069 novam
758 3027 826 3069 rem
861 3010 1003 3070 transeat
1040 3005 1092 3070 vel
1116 3007 1156 3070 ad

87 3151 171 3205 eam,
197 3128 235 3191 de
258 3151 321 3212 qua
345 3132 470 3214 agatur,
495 3151 534 3193 ex
551 3129 616 3193 alisi
629 3133 721 3211 parte
738 3130 999 3195 considerandam
1016 3130 1154 3195 festinet.

84 3253 143 3318 Sic
166 3253 303 3338 legimus
326 3251 370 3319 ΙΙ.
395 3255 542 3319 72-74:

220 3448 256 3486 eu
271 3390 425 3499 barbitum,
451 3415 511 3504 quo
534 3432 564 3486 te
586 3430 666 3505 leges
690 3448 725 3488 ae
748 3429 814 3488 iura
837 3431 982 3490 ferentem

218 3535 392 3594 vulneribus
416 3535 515 3594 crudis
538 3537 668 3611 populus
691 3536 779 3594 modo
802 3536 899 3594 victor
923 3540 953 3596 et
975 3537 1050 3598 illud

218 3644 393 3700 montanum
415 3641 519 3718 positis
544 3641 661 3700 audiret
683 3643 792 3718 vulgus
817 3643 938 3702 aratris!

84 3806 146 3871 ubi
168 3803 323 3870 Weidner
341 3805 364 3883 ¹)
395 3828 503 3870 veram
527 3806 798 3890 significationem
821 3828 893 3870 cum
916 3808 998 3871 falsa
1022 3808 1155 3872 confun-

86 3933 164 3996 dere
188 3931 323 3995 videtur.
370 3929 531 3994 Oreticum
553 3930 606 3993 hic
631 3954 649 3994 a
672 3934 766 4014 poeta
789 3931 926 4010 irrideri,
949 3932 1155 3996 niauifestum

200 4143 220 4213 ¹)
239 4145 272 4197 A.
291 4143 439 4197 Wnrnunn:
467 4143 499 4196 D.
512 4142 587 4196 Iunii
599 4143 741 4198 Iuvenalis
754 4147 864 4208 saturae,
879 4143 994 4214 Leipzig
1006 4144 1084 4209 1873,
1098 4143 1116 4198 l.
1131 4161 1153 4198 e.
