2854 4828
549 454 699 517 ..9.-

90 631 253 710 defendat,
277 633 317 696 ob
341 653 479 708 causam,
504 654 600 714 quam
623 651 718 714 supra
742 630 845 709 attuli,
867 630 972 699 omnia
988 652 1007 692 a
1022 626 1155 692 Naevolo
1244 645 1249 658 ·

91 757 178 820 dicta
202 757 392 820 contendere
417 757 536 822 malim.
577 755 737 842 Rogemus
761 778 811 819 vv.
836 755 966 818 48—49
991 754 1023 816 in
1039 749 1156 826 Naeuo·

89 881 157 945 lum
192 882 350 965 quadrare
383 883 490 965 negat,
526 881 663 944 maxime
688 881 772 964 quod
795 879 857 958 hic,
882 878 1099 945 familiaritate
1125 881 1157 942 et

91 1007 319 1072 consuetudine
354 1005 500 1070 Virronis
528 1005 642 1070 cotidie
668 1005 734 1070 fere
758 1027 842 1081 usuc,
867 1005 973 1069 sordes
997 1008 1030 1067 et
1053 1003 1157 1067 avari-

90 1132 171 1195 tiam
195 1132 263 1194 eius
285 1104 433 1215 ignorare
458 1131 584 1196 omniuo
607 1153 669 1196 non
691 1130 846 1214 potuerit;
884 1132 994 1200 contra
1017 1133 1155 1211 poetam,

92 1258 283 1320 draucorum
318 1277 420 1320 mores
444 1277 512 1320 sese
537 1257 686 1340 ignorare
711 1254 923 1332 simulantem,
947 1253 1026 1316 illud
1050 1253 1157 1318 excla-

92 1401 181 1444 mare
209 1381 371 1446 commode
394 1380 536 1463 potuisse
561 1383 678 1444 censet.
724 1377 798 1443 Non
821 1400 915 1462 nego.
962 1376 1025 1441 Sed
1048 1378 1157 1442 obser-

93 1507 231 1570 vandum
256 1511 314 1584 est,
331 1504 362 1570 N
364 1506 498 1572 aevolum
513 1505 548 1569 in
562 1480 623 1568 hac
639 1505 737 1568 satira
753 1503 834 1568 nihil
850 1503 1011 1586 antiquius
1027 1503 1157 1580 habere,

93 1653 190 1713 quam
224 1635 259 1693 ut
292 1631 411 1696 famam
446 1628 601 1709 Virronis¹
637 1630 763 1713 patroni
790 1628 1008 1703 sordidissimi,
1033 1649 1158 1720 quoquo

93 1756 188 1818 modo
213 1756 376 1820 deminuat
399 1759 432 1818 et
455 1755 673 1819 commaculet.
716 1753 755 1818 Se
778 1753 860 1817 nihil
882 1774 1034 1834 umquam
1058 1752 1097 1815 ab
1122 1774 1158 1816 eo

93 1880 156 1944 nisi
192 1881 274 1944 dona
309 1880 462 1944 vilissima
497 1880 666 1969 accepisse,
701 1880 799 1962 probe
827 1879 897 1954 scit,
921 1878 998 1943 licet
1020 1877 1157 1941 officium

93 2027 195 2080 suum,
231 2005 376 2088 quamvis
411 2005 588 2082 molestum,
624 2026 796 2087 numquam
820 2004 1010 2078 deseruerit3
1047 2003 1158 2086 quodsi

95 2131 229 2194 draucua
264 2130 298 2192 in
332 2129 490 2193 oblivione
525 2130 629 2194 iaceat
652 2130 868 2203 iniustissima,
893 2128 1019 2211 qualem
1044 2128 1158 2192 ceteris

94 2257 211 2318 sortem
235 2254 402 2330 exituram,
427 2254 482 2336 qui
505 2275 567 2318 non
591 2259 748 2320 amatores
764 2255 836 2330 sint,
855 2255 908 2318 sed
925 2257 1050 2318 tantum
1066 2253 1159 2316 modo

94 2399 251 2460 pauperes
287 2377 429 2455 clientes
465 2378 560 2444 nullis
595 2381 725 2442 secretis
759 2378 894 2443 vinculis
930 2400 999 2441 cum
1024 2379 1159 2460 patrono

94 2503 273 2566 coniuncti?
309 2501 342 2566 Si
377 2503 439 2585 ipsi
474 2525 546 2585 spes
570 2525 632 2566 non
655 2481 711 2581 sitq
730 2503 806 2586 quid
830 2502 965 2566 ceteris?
1005 2500 1056 2565 Sic
1081 2501 1158 2565 mihi

94 2624 256 2704 Naevolua
290 2631 457 2723 postquam
492 2651 540 2692 vv.
561 2620 707 2692 'le-49
742 2628 822 2691 iram
857 2628 891 2690 in
925 2626 1093 2690 Virronem
1119 2627 1159 2690 ob

96 2751 263 2816 avaritiam
299 2753 365 2815 eius
393 2751 515 2827 effudit,
540 2754 580 2816 ad
603 2753 769 2818 mollitiem
795 2753 861 2816 eius
885 2752 1096 2816 cavillandum
1120 2752 1159 2816 iis

95 2877 249 2955 versibus,
274 2877 329 2960 qui
352 2882 537 2960 sequuntur,
562 2878 680 2960 optime
704 2878 839 2941 transire
864 2899 955 2960 posse
979 2877 1114 2942 videtur.

201 3000 281 3066 Tum
304 3023 380 3066 vero
405 3001 506 3066 altera
529 3003 662 3086 quaestio
686 3003 796 3066 oritur·
842 2999 956 3086 Neque
980 3003 1065 3065 enim
1081 3002 1159 3064 satis

96 3130 229 3204 constat,
259 3131 366 3190 utrum
389 3147 419 3191 v.
445 3127 487 3192 53
510 3130 630 3190 tractas
653 3127 824 3209 legendum
847 3127 889 3189 sit
913 3149 953 3189 an
977 3129 1096 3193 tractat
1119 3149 1160 3190 an

95 3255 220 3314 tractet.
259 3249 402 3329 Tractaa
426 3251 510 3334 quod
534 3255 582 3314 est
605 3251 638 3314 in
662 3251 729 3314 cod.
754 3249 801 3328 Ρ.,
818 3251 949 3314 retineri
965 3273 1028 3314 uon
1044 3254 1158 3333 potest.

95 3375 250 3440 Defendit
284 3375 452 3440 lectionem
487 3373 693 3440 Heinrichius
728 3395 785 3457 per
809 3375 978 3459 enallagen
1001 3379 1160 3458 (quandam

95 3523 313 3584 personarum,
337 3513 408 3584 quae
433 3505 537 3564 tamen
562 3500 625 3583 ipsi
649 3483 835 3564 difficultate
857 3499 1002 3566 laborare
1023 3502 1159 3580 videtur,

95 3627 122 3689 si
156 3626 286 3708 quidem
320 3627 418 3691 verbu
453 3625 519 3688 eius
543 3630 632 3690 recte
653 3623 815 3708 intellego
862 3621 1047 3690 Subiectum
1070 3627 1160 3691 verbi

95 3754 215 3816 tractas
247 3750 333 3814 aliud
357 3753 406 3813 est
429 3752 523 3832 atque
548 3749 727 3814 subiectum
751 3749 841 3814 verbi
864 3750 988 3814 mittas:
1025 3771 1062 3814 ea
1085 3772 1160 3815 vero

96 3875 243 3960 enallage
277 3874 413 3940 molesta
447 3878 479 3938 et
513 3878 655 3938 tortuosa
681 3877 738 3940 est.
785 3874 837 3938 Ad
860 3895 969 3938 veram
991 3875 1160 3938 lectionem

96 4000 326 4064 restituendam
361 4021 489 4063 necesse
526 4001 574 4062 est
609 3999 793 4076 diiudicare,
818 4003 926 4063 utrum
951 4000 988 4062 de
1012 3999 1096 4062 veris
1120 4022 1161 4062 an
