2930 4836
532 1280 683 1392 Satira
721 1281 831 1393 XVI.

259 1513 359 1590 Quem
396 1515 436 1578 ad
463 1514 589 1578 modum
613 1537 675 1579 non
699 1515 877 1594 defuerunt,
902 1515 956 1598 qui
980 1516 1077 1580 satira
1101 1516 1212 1599 quinta

153 1640 276 1703 decima
311 1640 351 1703 ad
382 1636 564 1703 Iuvenalem
589 1639 756 1704 referenda
780 1644 862 1704 esset
885 1661 994 1719 neone,
1008 1641 1211 1722 dubitarent,

152 1765 197 1828 sic
221 1786 288 1828 esse
312 1765 465 1843 videmus,
490 1765 545 1847 qui
569 1765 700 1828 satiram
724 1768 846 1828 sextam
869 1766 1021 1828 decimam
1040 1787 1102 1830 non
1117 1767 1211 1830 modo

152 1893 282 1972 propter
318 1889 499 1974 argumenti
534 1889 784 1972 dispositionem,
820 1910 930 1953 verum
961 1889 1057 1953 etiam
1081 1894 1212 1974 propter

152 2013 303 2078 orationis
327 2015 526 2089 ieiunitatem
551 2018 745 2098 ceterasque,
767 2003 883 2098 'quibus
907 2016 1052 2080 Iabo'rarc
1076 2016 1211 2094 videtur,

152 2139 363 2218 difficultates,
388 2161 506 2224 magna
530 2141 570 2204 ab
595 2162 632 2203 eo
656 2139 786 2203 fidentia
810 2140 1002 2219 abiudicari,
1026 2162 1157 2223 quorum
1178 2141 1211 2203 in

151 2284 283 2327 numero
318 2263 522 2328 Heinrichius
558 2268 616 2344 est,
641 2265 729 2328 cuius
753 2265 786 2327 in
809 2265 899 2328 brevi
922 2265 1103 2345 summario,
1127 2267 1211 2349 quod

152 2392 224 2452 ante
260 2389 392 2452 satiram
416 2389 531 2471 posuit,
556 2389 654 2452 verba
677 2389 745 2452 haec
770 2393 859 2453 sunt:
884 2389 996 2452 ultima
1020 2389 1089 2454 haec
1113 2391 1211 2456 satira

151 2513 285 2597 praemia
314 2514 345 2584 et
369 2514 534 2576 commoda
557 2514 680 2577 militiae
705 2519 870 2577 enumerat
894 2516 935 2594 et,
959 2519 1113 2598 quantum
1137 2520 1212 2579 tunc

150 2639 440 2722 temporistogato
457 2642 668 2721 anteponatur
684 2640 785 2717 miles,
803 2641 1014 2716 demonstran
1039 2641 1094 2704 sed
1110 2645 1212 2704 totum

152 2785 281 2828 carmen
316 2760 466 2827 Iuvenale
502 2764 670 2848 indignum
700 2769 795 2848 atque
820 2766 963 2848 spurium
987 2769 1034 2830 est
1053 2766 1086 2848 ¹).
1132 2766 1212 2830 Rib-

153 2888 285 2952 beckius
313 2888 394 2951 hanc
419 2889 548 2952 satiram
572 2889 694 2972 respuit
717 2891 855 2974 quidem,
880 2893 935 2955 sed
958 2892 1013 2970 ita,
1038 2896 1073 2955 ut
1095 2892 1212 2955 invitus

152 3013 184 3075 id
208 3013 313 3076 facere
330 3014 475 3077 videatur
489 3013 525 3095 Ε).
565 3013 782 3079 Hermannus:
807 3015 966 3093 incertior,
983 3017 1097 3100 inquit,
1114 3020 1211 3080 sextae
1229 3053 1231 3062 ι

152 3138 284 3202 decimae
309 3139 398 3224 origo
422 3141 479 3218 est,
496 3160 591 3221 quarn
607 3141 661 3222 qui
679 3141 885 3223 exploderent
905 3138 1126 3224 Iuvenalisque
1144 3163 1212 3205 esse

151 3262 283 3339 nollent,
308 3263 372 3326 iarn
393 3263 564 3328 scholiasta
582 3266 684 3342 novit3
710 3267 841 3329 eandem
866 3269 972 3329 tamen
989 3266 1016 3328 si
1031 3265 1212 3330 incohatam

152 3409 214 3451 non
239 3387 415 3452 absolutam
440 3411 458 3452 a
478 3393 571 3472 poeta
588 3391 773 3470 statuamus
791 3413 830 3454 ne
846 3391 931 3454 illius
947 3385 1075 3474 quidem
1091 3391 1212 3476 ingenii

151 3511 299 3596 vestigiis
324 3534 431 3576 carere
456 3513 534 3576 scite
557 3512 679 3578 Weber
702 3516 925 3580 animadvertit
955 3515 977 3598 )

259 3634 386 3719 Scripta
409 3641 457 3700 est
480 3639 549 3702 haec
573 3639 671 3703 satira
692 3643 819 3723 aposta
836 3643 946 3704 contra
963 3642 1095 3725 praemia
1111 3642 1212 3706 felicis

151 3761 287 3837 militiae,
311 3766 347 3826 ut
370 3762 437 3846 ipse
462 3763 524 3827 iarn
549 3763 582 3828 in
605 3765 708 3847 primo
732 3787 824 3829 versu
849 3767 1025 3846 confitetur,
1044 3767 1212 3849 dequibus

261 3975 280 4044 ¹)
301 3977 434 4032 Hammon
453 3978 471 4032 I.
491 3978 510 4030 I.
529 3976 550 4030 Ι.
569 3996 596 4048 p.
617 3979 675 4032 149.

260 4063 279 4131 ⁹)
301 4067 433 4120 Itrnaaer:
461 4067 517 4121 Der
536 4068 614 4122 echte
634 4087 659 4121 u.
680 4069 704 4121 d.
724 4069 843 4123 uneohte
862 4069 923 4123 Juv.
943 4088 989 4138 pp.
1010 4069 1123 4122 71-72.

260 4151 280 4221 ’I

299 4155 479 4210 Hannnnndn
498 4157 575 4226 praef.
596 4157 661 4212 edit.
682 4175 709 4228 p.
729 4157 827 4212 XVIII.

1074 4267 1106 4321 10
