2854 4828
577 453 750 516 ..31..

125 629 249 708 satirae,
273 629 352 712 qnid
375 629 549 712 optandum
572 628 624 708 sit,
649 630 789 713 exponit.
836 629 1034 714 Quamquam
1058 631 1091 694 in
1108 651 1194 694 erro‘

123 756 217 820 ribus
252 755 448 839 castigandis
471 754 544 817 telis
568 755 668 818 acutis
693 754 846 819 irrisionis
869 778 956 819 more
981 778 1036 819 suo
1059 755 1106 818 uti
1129 777 1193 818 non
1244 785 1245 788 ¹

122 880 265 958 dubitat,
300 883 418 958 tamen,
442 901 520 966 eum,
537 878 598 942 hae
621 880 719 943 satira
743 881 856 944 dooere
880 881 985 964 potius
1009 903 1105 964 quam
1128 880 1191 944 ini-

120 1005 225 1068 micos
261 1005 425 1088 exagitare
449 1005 586 1084 studeat,
610 1006 647 1067 fit
670 1007 705 1067 ut
729 985 840 1069 oratio
854 1028 919 1070 non
941 1009 1008 1068 tam
1032 1005 1192 1069 eoneitata

122 1131 184 1192 aut
218 1151 332 1212 aspera
367 1129 409 1192 sit
443 1151 539 1212 quam
575 1129 608 1192 in
643 1130 802 1212 prioribus
830 1131 946 1194 satiris,
994 1127 1055 1194 Sed
1078 1130 1193 1194 harum

121 1276 252 1338 quoque
277 1275 355 1334 esse,
380 1253 566 1338 dequibus,
591 1254 675 1338 qood
690 1255 730 1317 ad
747 1256 922 1320 orationem
938 1255 1088 1337 pertinet,
1107 1255 1192 1319 idem

122 1379 197 1442 fere
220 1379 348 1474 valeat,¹
362 1379 427 1442 iam
449 1379 560 1463 Lupus
584 1379 765 1443 observavit
784 1377 818 1460 ¹).

228 1502 472 1587 *Argumentum
506 1482 612 1566 satirae
642 1504 772 1566 decimae
797 1527 815 1566 a
838 1501 990 1592 Iuvenale
1014 1502 1075 1590 hoe
1099 1505 1192 1566 modo

122 1627 314 1710 disponitur.
361 1626 507 1710 Quinque
542 1631 616 1691 sunt
638 1630 722 1704 vota,
758 1649 829 1710 quae
854 1628 1011 1710 imprimis
1033 1628 1135 1692 libero
1160 1633 1193 1691 et

124 1753 266 1836 sapienti
289 1753 417 1817 homine
440 1753 573 1837 indigna
597 1756 714 1816 censet.
754 1751 838 1816 Nam
863 1757 917 1816 aut
940 1753 1115 1835 potentiam
1139 1775 1192 1817 eos
1297 1771 1302 1778 ·

123 1881 278 1961 exoptare
304 1879 508 1956 demonstrat,
534 1880 589 1940 aut
612 1877 835 1960 eloquentiam,
860 1881 915 1940 aut
938 1878 1065 1968 laudem
1088 1879 1190 1962 impe-

121 2003 288 2078 ratoriam,
325 2006 380 2066 aut
406 2003 506 2067 vitam
541 2003 672 2088 longam
697 2006 752 2065 aut
777 2003 911 2067 formam
935 2004 1073 2088 eorporis
1098 2025 1191 2088 egre·
1257 2010 1262 2018 '

123 2130 226 2214 giam.
272 2128 321 2192 De
346 2128 584 2212 potentia'agit
606 2151 656 2193 vv.
683 2130 846 2206 56-113,
871 2129 909 2192 de
934 2129 1116 2212 eloquentia
1138 2153 1189 2194 rv.
1303 2129 1305 2134 ’

124 2253 314 2331 114--132,
339 2252 377 2316 de
401 2252 496 2316 laude
520 2253 726 2335 imperatoria
750 2276 799 2317 vv.
825 2254 1009 2329 raa-187,
1039 2255 1076 2317 de
1100 2275 1191 2317 sene·

122 2382 216 2442 etute
238 2400 289 2441 vv.
316 2378 500 2456 188-288,
525 2379 563 2440 de
584 2378 782 2442 formositate
799 2401 848 2442 vv.
867 2379 1052 2444 289—345.
1087 2379 1192 2444 Maxi·

120 2526 211 2567 mam
234 2503 335 2587 igitur
358 2506 483 2585 partem
506 2506 601 2585 poeta
624 2503 781 2566 senectuti
805 2504 869 2580 dat,
894 2503 962 2566 sine
987 2505 1083 2568 dubio
1106 2507 1189 2588 quod

119 2601 205 2711 ipse,
241 2627 359 2711 quippe
394 2627 449 2710 qui
474 2629 505 2689 et
529 2649 624 2690 senex
649 2631 732 2690 esset
756 2629 788 2690 et
811 2628 912 2692 multa
936 2631 1097 2711 expertus,
1121 2619 1188 2712 prae

121 2753 198 2816 aliis
234 2753 366 2816 suadere
402 2752 524 2816 civibus
560 2774 650 2836 posse
687 2749 763 2816 sibi'
783 2752 869 2815 risus
893 2756 950 2831 est,
976 2752 1036 2816 hoc
1061 2755 1190 2818 deorum

120 2880 243 2942 donum
266 2899 329 2940 non
353 2899 421 2941 esse
445 2899 639 2961 magnopere
664 2879 887 2960 expetendum.
927 2876 988 2941 Vr.
1015 2880 1189 2944 346-366

119 3002 349 3087 pulcherrimis
373 3003 479 3066 verbis
503 3003 642 3084 exponit,
659 3003 735 3085 quid
751 3002 932 3067 hominibus
948 3004 1122 3085 optandum
1138 3003 1189 3066 sit.

233 3123 293 3190 Illa
327 3127 458 3210 partitio
493 3148 551 3190 sua
585 3149 618 3190 se
650 3131 761 3210 sponte
786 3129 877 3192 nobis
901 3128 1002 3192 offert.
1049 3125 1191 3212 Singulis

118 3252 204 3318 loeis
239 3252 366 3336 singula
392 3252 471 3316 vitia
494 3255 781 3316 commemorantur
805 3275 863 3318 nec
886 3253 1001 3316 transit
1025 3254 1064 3317 ab
1089 3253 1190 3317 altero
1247 3229 1252 3240 Ι

120 3378 169 3442 ad'
202 3377 337 3440 alterum
372 3381 477 3459 poeta,
513 3377 698 3461 priusquam
730 3399 797 3441 rem
821 3377 1017 3460 propositam
1040 3399 1080 3440 ex
1104 3379 1190 3442 omni

118 3505 217 3587 parte
241 3501 443 3568 examinavit.

233 3625 436 3690 Difficiliores
460 3627 483 3690 ii
507 3649 616 3691 versus
640 3632 723 3704 sunt,
747 3628 802 3710 qui
825 3628 898 3692 inde
916 3629 956 3692 ab
973 3628 1064 3695 initio
1082 3628 1189 3692 satirae

119 3773 224 3834 usque
250 3751 289 3814 ad
311 3774 341 3815 r.
367 3722 593 3836 releguntur.
641 3750 799 3815 Prooemii
822 3753 892 3816 loeo
915 3751 1028 3817 haberi
1044 3757 1186 3836 possunt,
1246 3748 1248 3754 ’

236 3962 254 4032 ¹)
275 3965 305 4018 B.
325 3964 412 4018 Larus
432 3965 451 4016 l.
470 3965 489 4017 l.
508 3983 537 4033 p.
557 3965 604 4018 46:
632 3962 707 4018 idem
726 3964 802 4018 valet
821 3963 907 4018 etiam
926 3964 957 4017 in
975 3963 1069 4019 satiris
1088 3964 1140 4017 Vll
1160 3967 1189 4018 et

117 4055 199 4116 Vffl,
228 4071 345 4122 quarum
372 4057 490 4122 utraque
515 4053 713 4108 commentatio
732 4053 825 4122 potius
845 4057 888 4107 est
905 4071 954 4123 per
973 4053 1061 4108 otium
1081 4051 1189 4122 excogi-

118 4147 196 4206 tata,
210 4161 299 4250 ¹quarn
318 4142 406 4197 satira
425 4160 458 4196 ex
477 4142 587 4196 ardenti
606 4142 801 4211 indignatione
819 4146 904 4211 atque
923 4142 965 4196 ira
984 4142 1109 4196 oriunda.

786 4337 801 4382 1
