2916 4834
573 403 748 467 ..79-

124 582 223 667 sqq.);
259 582 374 665 incipit
409 603 486 667 ergo
521 604 540 644 a
570 581 728 661 cometis,
758 581 871 666 deinde
894 583 1003 667 pergit
1026 581 1067 646 ad
1089 583 1201 646 varias·
1253 595 1255 610 “

124 709 242 772 classes
272 707 478 773 hariolorum.
526 706 625 772 Totus
648 707 703 771 ille
726 707 814 771 locus
839 706 904 790 (vv.
931 707 1120 790 511-591)
1143 706 1194 770 his

64 859 70 866 “
125 835 229 897 datur.
276 831 329 897 Ad
361 856 391 898 v.
423 823 487 897 582
512 855 581 916 sqq.
606 832 803 898 Ribbeckius
826 833 962 897 multum
985 833 1130 916 queritur
1153 834 1192 897 de

123 961 253 1024 turbato
288 958 398 1021 ordine
428 959 669 1022 sententiarum.
717 956 877 1033 Quantum
901 979 961 1042 ego
985 959 1077 1022 video
1099 960 1196 1041 poeta

125 1085 204 1148 dicit
237 1083 431 1146 mediocrem
465 1082 618 1147 feminam
654 1086 742 1147 vates
773 1105 844 1147 suos
875 1105 1018 1165 quaerere
1042 1083 1076 1157 in
1100 1085 1194 1164 circo,

125 1210 258 1276 divitem
294 1208 378 1292 apud
412 1208 584 1288 nobiliores
619 1229 767 1292 augures.
813 1205 875 1272 Vr.
908 1207 1059 1271 585-87
1095 1208 1197 1272 inter*

126 1334 300 1398 elusionem
336 1333 485 1411 efficiunt,
522 1336 557 1396 ut
585 1353 682 1414 supra
713 1332 877 1411 464-66,
903 1333 1016 1396 deinde
1042 1333 1197 1416 expositio

125 1459 188 1522 fati
217 1458 325 1541 plebei
353 1457 566 1521 continuatur.
613 1454 699 1520 Nam
721 1480 751 1521 v.
777 1457 840 1521 589
865 1457 1017 1521 feminam
1040 1458 1079 1521 de
1102 1457 1198 1541 plebe

126 1583 289 1668 significat
323 1588 428 1665 poeta,
455 1583 521 1646 sire
557 1605 690 1661 armum,
721 1583 787 1647 sive
819 1605 931 1646 aurum
954 1582 988 1664 (i.
1014 1604 1041 1647 e.
1066 1604 1196 1646 aureum

126 1711 274 1792 torquem
296 1706 559 1792 prostibulorum)
583 1708 731 1792 legimus.

236 1831 392 1896 Weidner
426 1834 565 1897 subitam
596 1832 674 1900 dicit
696 1832 918 1896 transitionem
941 1853 1009 1895 esse
1035 1854 1053 1894 a
1077 1854 1105 1895 v.
1132 1831 1196 1895 609

21 1951 23 1960 ἱ
129 1959 170 2021 ad
204 1981 233 2021 v.
267 1959 341 2038 610,
370 1958 426 2022 sed
450 1979 520 2040 quae
545 1958 689 2021 excusari
712 1957 822 2040 possit.
870 1954 1007 2031 Quidni?
1053 1955 1107 2019 An
1130 1958 1197 2019 tam

127 2105 210 2148 rarae
247 2082 400 2146 eiusmodi
434 2081 637 2146 transitiones
668 2085 741 2145 sunt
770 2082 854 2164 apud
878 2078 1073 2161 Iuvenalem,
1097 2084 1135 2144 ut
1156 2081 1197 2144 ad

130 2207 360 2291 explicationes
384 2207 554 2291 ampliores
577 2229 635 2270 nos
660 2205 832 2291 confugere
857 2227 935 2288 opus
959 2206 1022 2270 sit?
