2916 4834
675 1303 828 1415 Satira
865 1305 957 1414 VH.
1025 1471 1026 1476 Ν

390 1535 427 1601 In
463 1542 652 1622 argumento
686 1537 791 1600 satirae
827 1537 971 1620 septimae
1007 1537 1202 1620 disponendo
1235 1559 1353 1602 novum

282 1663 464 1746 exemplum
486 1666 582 1746 poeta
606 1663 660 1725 dat
683 1662 849 1726 rhetorioae
874 1661 960 1726 illius
985 1662 1171 1744 disciplinae,
1201 1685 1265 1746 qua
1290 1662 1351 1726 irn-

281 1788 377 1852 butus
408 1789 448 1852 ad
475 1787 535 1851 hoc
559 1809 659 1872 genus
683 1787 843 1851 scribendi
867 1790 1054 1852 accesserat.
1100 1786 1168 1850 Alii
1193 1787 1290 1851 aliter
1310 1788 1350 1850 de

280 1910 342 1976 hao
365 1913 463 1976 satira
486 1912 620 1976 fortasse
636 1912 794 1988 iudicant;
823 1933 895 1976 mea
910 1912 1038 1995 quidem
1055 1913 1213 1976 sententia
1229 1935 1351 1997 magna

280 2037 329 2100 vis
364 2038 431 2101 eius
467 2039 499 2100 et
533 2037 720 2120 praestantia
747 2037 781 2100 iu
805 2059 841 2101 eo
864 2037 1065 2121 potissimum
1088 2037 1240 2118 cernitur,
1265 2037 1352 2120 quod

279 2164 375 2244 poeta
408 2161 606 2226 occasionem
636 2161 663 2224 si
694 2183 757 2245 qua
781 2162 873 2225 detur
897 2162 1047 2225 derecta
1069 2161 1122 2225 via
1146 2161 1349 2241 deflectendi,

278 2286 406 2384 omnino
440 2285 525 2370 fugit
559 2287 789 2368 materiamque
821 2286 1019 2370 propositam
1048 2286 1121 2350 inde
1147 2309 1165 2350 a
1188 2287 1349 2370 principio

281 2432 381 2494 usque
406 2411 445 2474 ad
470 2411 566 2475 finem
588 2433 744 2494 nusquam
761 2433 777 2474 e
795 2416 964 2494 conspectu
981 2411 1108 2476 amittit.
1149 2410 1350 2495 Quamquam

282 2535 368 2600 enim
390 2557 500 2600 versus
524 2537 581 2615 illi,
607 2537 662 2619 qui
685 2540 759 2600 sunt
782 2534 808 2601 I.
833 2537 963 2600 85-86

369 2701 514 2778 quidquid
538 2705 633 2778 agunt
655 2701 787 2762 homines
811 2705 916 2760 votum
939 2703 1030 2761 timor
1053 2703 1097 2761 ira
1121 2704 1271 2779 voluptas

367 2809 476 2884 gaudia
501 2808 650 2867 discursus
673 2809 770 2867 nostri
793 2810 914 2886 farrago
937 2809 1031 2868 libelii
1055 2814 1099 2868 est

376 2893 379 2916 Ι

276 2963 426 3046 scriptori
448 2963 634 3046 permittere
657 2964 815 3044 videntur,
841 2967 876 3027 ut
898 2964 980 3028 liber
1004 2964 1172 3028 avinculis
1188 2963 1251 3028 huc
1270 2965 1349 3030 iiluo

272 3088 398 3190 passim
421 3090 566 3172 vagetur,
597 3111 795 3172 quocumque
820 3109 891 3152 eum
916 3109 1007 3152 casus
1031 3093 1086 3152 aut
1109 3089 1254 3153 voluntas
1278 3093 1348 3155 tra-

278 3211 394 3288 xerint,
428 3215 538 3276 tamen
568 3211 654 3276 haud
677 3235 750 3276 raro
773 3183 819 3291 fit,
844 3217 880 3276 ut
903 3212 998 3277 certis
1022 3212 1138 3276 finibus
1163 3235 1235 3277 eum
1259 3236 1348 3279 oam-

216 3329 218 3336 ’
280 3357 357 3419 pum
382 3337 631 3417 circumscribat,
645 3337 679 3401 in
702 3359 764 3422 quo
787 3337 895 3401 ludere
920 3337 1054 3422 gestiat3
1079 3359 1175 3420 quem
1198 3360 1349 3422 campum

277 3483 452 3544 numquam
486 3465 553 3525 tam
588 3465 655 3526 arte
686 3461 827 3540 metitur,
859 3465 894 3524 ut
917 3483 979 3525 non
1003 3462 1045 3524 sit
1068 3463 1208 3545 spatium
1232 3464 1347 3528 decur-

277 3585 378 3650 rendi.
423 3584 537 3669 Neque
567 3587 681 3671 negari
709 3589 824 3669 potest,
856 3586 934 3670 quin
957 3608 1002 3650 eae
1027 3587 1145 3665 satira,
1170 3587 1203 3650 in
1228 3588 1345 3671 quibus

278 3711 318 3774 ad
353 3731 420 3773 rem
453 3712 649 3794 propositam
684 3711 783 3774 artius
819 3733 852 3775 se
888 3703 1037 3794 applicet,
1077 3711 1192 3776 ceteris
1226 3712 1345 3795 praefe-

277 3833 384 3898 rendae
408 3835 480 3899 sint.

384 3956 543 4024 Iuvenalis
573 3961 606 4024 in
636 3965 696 4026 sat.
720 3958 795 4025 VII.
820 3961 970 4025 miseram
993 3981 1100 4025 eorum
1125 3961 1344 4025 condicionem

275 4083 423 4163 ostendit,
448 4085 502 4168 qui
526 4085 589 4149 illis
612 4087 809 4169 temporibus
833 4087 867 4150 in
891 4087 1012 4151 artibus
1036 4086 1222 4152 liberalibus
1240 4091 1271 4152 et
1285 4085 1342 4150 lit-
