2930 4836
123 385 134 426 Ι
494 432 496 446 1
689 409 695 415 .

567 447 742 509 Ρ-91-·

117 645 193 706 quae
218 624 331 687 ueteris
354 622 449 688 huius
473 626 579 688 satirae
603 623 680 687 loeis
706 623 848 706 deliquit.
887 621 1000 688 Artem
1025 621 1186 688 Iuvenali-

118 771 217 812 anam
240 748 387 812 redolent
410 749 465 832 qui
488 749 552 813 iam
576 750 609 812 in
632 748 791 832 principio
815 748 878 828 (vv.
903 749 1048 831 95-98)
1071 747 1186 834 legun·
1293 801 1300 808 .

120 877 186 954 tur,
210 895 269 938 nee
293 875 349 957 qui
374 877 549 957 sequuntur
573 874 746 939 deteriores
769 877 852 936 sunt.
899 871 940 937 V.
966 875 1045 938 110:

210 1034 327 1107 partem
352 1031 482 1106 aliquam
506 1031 577 1088 belli
601 1035 631 1089 et
654 1034 773 1124 eunteqi
797 1031 826 1087 in
850 1031 963 1106 proelia
985 1033 1100 1090 turrem
1172 1084 1177 1100 ,

116 1194 246 1259 hiatum
280 1183 378 1259 habet
407 1195 515 1272 talem,
540 1195 650 1282 quales
674 1195 759 1277 apud
782 1191 967 1258 Iuvenalem
990 1195 1097 1279 plures
1121 1195 1186 1260 iam

117 1320 259 1384 vidimus
284 1319 364 1402 (cfr.
388 1341 485 1402 supra
508 1319 548 1382 ad
571 1315 611 1381 Χ.
633 1319 698 1401 54).
735 1317 873 1402 Syllaba,
890 1341 961 1402 quae
979 1323 1027 1383 est
1042 1320 1076 1382 in
1091 1319 1186 1399 thesi,

115 1447 218 1530 longa
232 1450 288 1508 est.
313 1444 461 1508 Weiseus
474 1444 555 1529 legit
568 1466 639 1508 cum
652 1443 835 1521 Weidnero,
849 1442 971 1523 lahnio,
988 1444 1185 1509 Hermanno:

188 1613 305 1687 partem
329 1611 460 1686 aliquam
483 1611 612 1685 bellique
637 1614 666 1668 et
689 1613 809 1668 euntem
832 1611 863 1668 in
886 1611 997 1685 proelia
1021 1613 1135 1670 turrem
1238 1679 1240 1684 ¹

115 1775 204 1838 hanc
238 1774 408 1838 lectionem
443 1773 559 1837 codicis
594 1772 630 1838 P.
666 1795 734 1836 esse
765 1773 936 1836 adfirmans
955 1773 993 1854 l);
1017 1774 1186 1837 leetionem

113 1921 197 1962 vero
232 1898 405 1982 genuinam
438 1898 507 1961 eod.
533 1897 568 1960 P.
593 1919 656 1960 non
680 1897 819 1980 bellique
844 1896 1006 1981 (belliqet)
1030 1899 1088 1970 sed,
1109 1898 1186 1962 belli

114 2028 152 2086 et
180 2045 259 2102 esse,
284 2021 417 2086 Beerius
441 2023 581 2086 ostendit
594 2021 630 2098 2).
670 2021 791 2086 Tamen
814 2027 945 2105 propter
961 2023 1185 2088 cohaerentiam

113 2148 291 2212 verborum
313 2147 418 2227 lectio,
443 2169 513 2229 quae
538 2150 586 2210 est
611 2147 759 2230 bellique,
783 2147 984 2231 praeferenda
1008 2151 1065 2210 est.

228 2270 269 2336 V.
295 2273 373 2336 115:

304 2412 379 2470 alter
403 2411 490 2481 enim,
504 2411 539 2469 ei
563 2411 705 2470 concedas
728 2416 859 2470 mactare
883 2413 1004 2471 vovebit

114 2568 258 2631 formam
297 2565 523 2650 occupationiS,
563 2588 633 2648 quae
674 2566 799 2646 dicitur,
839 2566 994 2645 adhiberi,
1030 2567 1187 2633 Weidner

111 2696 240 2771 monet,
264 2695 300 2753 ut
322 2691 391 2754 haee
415 2690 608 2776 significatio
631 2691 664 2754 in
688 2693 785 2756 verbo
802 2692 886 2755 euim
902 2691 994 2756 insit:
1019 2694 1186 2777 namquid

112 2838 184 2902 ego
208 2815 311 2880 dicam
336 2816 396 2880 de?
430 2814 553 2880 Novam
579 2816 680 2900 igitur
702 2838 870 2900 personam
890 2817 940 2881 his
957 2818 1062 2882 verbis
1079 2818 1186 2882 induci

111 2942 251 3007 credere
286 2941 422 3017 videtur,
450 2942 534 3024 quod
558 2945 665 3037 tamen
689 2942 805 3005 falsum
829 2947 886 3019 est,
911 2965 984 3006 nam
1009 2965 1186 3008 sermonem

111 3088 190 3132 esse
224 3065 263 3129 de
288 3065 398 3129 Histro
421 3065 561 3158 Pacuvio
585 3067 686 3149 deque
711 3067 779 3130 eius
802 3067 870 3131 filia
894 3090 910 3132 e
934 3090 985 3132 vv.
1013 3070 1184 3133 125-127

110 3189 199 3256 satis
223 3200 366 3273 apparet.
405 3188 561 3254 Weidner
584 3192 622 3254 de
646 3190 706 3255 hoe
729 3192 799 3256 loco
820 3193 931 3256 eodem
947 3193 1039 3257 modo
1055 3191 1186 3273 iudicat,

112 3338 185 3402 quo
210 3316 248 3380 de
272 3312 331 3379 ΙΙΙ.
359 3318 439 3381 132:

305 3466 381 3522 alter
404 3465 481 3522 enim
505 3471 652 3539 quantum
676 3465 706 3522 in
730 3465 844 3541 legione
868 3464 982 3524 tribuni

230 3615 331 3694 Quam
367 3618 559 3682 sententiam
593 3615 761 3682 Weidneri
785 3621 859 3682 ante
882 3619 1019 3684 refutavi
1036 3619 1074 3700 ³),
1105 3620 1187 3684 iam-

112 3766 182 3830 que
223 3741 509 3828 Bergmuellerum‚
556 3740 715 3828 Iungium,
754 3742 989 3824 Meinertzium,
1028 3743 1186 3810 Wirzium

232 3955 252 4023 ¹)
272 3955 367 4010 Wuusn
386 3955 404 4009 l.
425 3957 443 4010 l.
462 3975 489 4027 p.
509 3957 551 4010 63.

232 4043 253 4112 ’)
273 4045 345 4098 Bene
364 4045 383 4098 l.
403 4045 422 4098 l.
441 4064 468 4114 p.
489 4047 530 4099 76.

177 4173 181 4182 .
232 4131 253 4200 ¹)
273 4134 394 4189 (tuumne
412 4134 431 4188 l.
451 4137 470 4188 l.
489 4153 535 4205 pp.
555 4135 669 4188 32—33.
