2916 4834
691 425 842 486 -2-

236 602 341 686 specie
366 602 503 685 quadam
526 602 670 666 veritatis
693 602 884 666 sententiam
907 623 997 666 suam
1013 603 1172 683 defendat,
1188 607 1299 668 tamen

236 727 303 791 fere
338 728 440 792 solum
466 747 614 812 pugnam
649 749 721 792 cum
755 727 944 791 adversariis
976 728 1102 812 stipatis
1130 730 1299 794 sustinere.

236 849 350 936 Neque
385 852 418 915 id
451 841 541 917 nobis
575 852 729 915 iniustum
762 851 897 916 videtur.
950 851 1036 916 Nam
1066 856 1102 916 ut
1123 853 1206 918 liber
1229 854 1297 918 eius
1349 885 1356 894 ·

236 976 339 1059 primo
363 979 494 1060 aspectu
517 976 643 1055 efficiat,
667 980 703 1040 ut
725 977 818 1040 multi
834 999 906 1041 eum
921 977 1053 1040 laudent
1070 981 1165 1061 atque
1182 1000 1301 1061 appro-⁴

238 1102 324 1182 bont,
359 1101 404 1164 sic
439 1104 524 1165 certe
560 1123 631 1165 cum
659 1123 731 1165 eum
761 1101 902 1165 finierint
924 1101 1029 1166 facere
1052 1125 1115 1167 non
1137 1105 1296 1185 poterunt,

238 1225 316 1308 quin
349 1225 537 1308 scriptorem
565 1247 696 1308 operam
726 1226 880 1290 collocare
903 1226 1044 1290 iudicent
1066 1227 1100 1290 in
1124 1249 1161 1290 ea
1184 1250 1218 1291 re
1242 1227 1301 1291 de-

238 1349 406 1430 fendenda,
442 1372 512 1434 quae
547 1350 688 1414 omnium
721 1351 851 1415 minime
878 1351 1008 1433 probari
1035 1352 1145 1434 possit.
1190 1350 1298 1436 Atque

193 1547 195 1556 Α
238 1475 307 1538 iure
331 1496 473 1558 quaerere
495 1497 586 1558 posse
610 1475 764 1555 videmur,
787 1498 864 1539 num
887 1497 921 1539 re
944 1497 1020 1539 vera
1035 1475 1133 1540 liceat
1148 1477 1182 1540 in
1197 1477 1299 1559 scrip-

239 1599 280 1662 tis
314 1603 416 1682 poetae
451 1600 653 1664 recensendis
687 1601 732 1664 ita
767 1622 863 1685 agere
898 1605 933 1664 ut
963 1601 1066 1686 egerit
1088 1599 1297 1666 Ribbeckius.

240 1723 323 1800 Quid
346 1725 431 1788 enim
454 1724 550 1788 fecit?
595 1723 772 1808 Tamquam
795 1725 822 1788 si
846 1726 1031 1807 opusculum
1053 1726 1145 1809 pueri
1167 1726 1299 1789 alicuius

162 1837 164 1844 ’
241 1849 281 1912 ad
311 1849 534 1934 corrigendum
563 1849 706 1929 haberet,
730 1850 786 1913 illa
810 1850 955 1932 dempsit,
979 1850 1049 1914 haec
1072 1851 1103 1914 in
1129 1850 1226 1914 alium
1248 1871 1304 1913 or·

241 1973 347 2036 dinem
369 1973 573 2058 transp0suit,
598 1974 702 2039 omnia
726 1975 804 2038 adeo
829 1973 981 2053 confudit,
1004 1977 1040 2038 ut
1064 1976 1101 2039 de
1123 1997 1204 2039 nova
1219 1974 1303 2038 ima·

241 2098 316 2182 gine
338 2101 442 2182 poetae
467 2119 539 2162 cum
561 2095 711 2163 iuvenale
736 2099 962 2163 exclamemus:

369 2300 420 2358 sed
443 2318 509 2376 quaa
533 2288 665 2358 mutatis
679 2300 831 2358 inducitur
854 2303 943 2375 atque
966 2300 1086 2358 fovetur

370 2410 416 2465 tot
438 2406 691 2478 medicaminibus,
715 2407 804 2466 facies
828 2407 944 2465 dicetur
967 2427 1004 2464 an
1027 2409 1134 2465 ulcus?

349 2593 411 2659 sed
433 2596 549 2660 iterum
572 2596 753 2681 quaerimus,
776 2618 853 2659 num
867 2597 964 2661 liceat
979 2596 1122 2660 ordinem
1132 2597 1305 2662 verborum

243 2717 402 2786 Iuvenalis
427 2720 504 2786 adeo
527 2723 661 2786 mutare.
707 2718 744 2784 In
767 2725 917 2805 promptu
941 2725 989 2785 est
1011 2721 1088 2819 quid
1112 2722 1305 2804 respondere

243 2846 423 2912 debeamus.
469 2842 572 2910 Nemo
594 2846 736 2931 negabit,
760 2847 868 2910 multis
891 2847 1024 2910 fortasse
1045 2846 1122 2911 locis
1138 2846 1301 2910 meliorem

243 2971 312 3034 fieri
336 2971 536 3050 sententiam,
560 2971 587 3034 si
609 2993 718 3035 versus
741 2993 827 3036 more
851 2970 1023 3036 Ribbeckii
1041 2972 1305 3053 transponantur,

242 3095 294 3159 vel
328 3095 355 3158 si
388 3117 451 3160 non
479 3095 642 3159 meliorem
665 3125 706 3140 2-
730 3119 805 3160 narn
828 3094 888 3160 hoc
911 3095 996 3159 haud
1020 3094 1084 3158 scio
1109 3117 1149 3157 an
1172 3092 1302 3178 gravius

244 3242 263 3284 a
291 3241 342 3283 me
372 3219 492 3283 dictum
514 3205 555 3284 sit
579 3257 619 3264 -
644 3223 730 3284 certe
752 3242 815 3285 non
839 3220 1038 3284 deteriorem.
1084 3217 1146 3282 Sed
1169 3240 1209 3281 ne
1232 3216 1306 3281 haec

243 3343 372 3428 quidem
406 3366 501 3408 causa
535 3346 610 3409 satis
645 3345 758 3409 idonea
788 3348 836 3408 est
859 3346 899 3408 ad
921 3344 1135 3452 Ribbeckium
1159 3364 1305 3426 compro-1

243 3469 393 3534 bandum.
439 3467 551 3534 Satirae
587 3470 681 3550 enim,
716 3492 787 3553 quae
823 3469 857 3532 in
887 3469 1025 3533 editione
1050 3468 1117 3532 eius
1140 3468 1305 3553 leguntur,

244 3590 404 3657 luvenalis
421 3615 488 3657 esse
506 3594 680 3659 desierunt:
698 3594 869 3659 Ribbeckii
885 3593 991 3676 potius
1007 3594 1206 3676 appellandae
1219 3593 1302 3656 sunt.

245 3715 409 3782 Addamus
433 3719 516 3801 quod
537 3741 600 3783 non
623 3719 750 3782 difficile
768 3740 835 3782 esse
853 3718 948 3782 debet
964 3717 1100 3782 cuiusvis
1116 3721 1218 3800 poetae
1231 3737 1307 3780 ver·
1355 3727 1366 3734 “

247 3863 301 3904 sus
324 3841 370 3905 ita
392 3845 608 3926 transponere,
632 3845 667 3907 ut
691 3843 787 3906 etiam
808 3843 995 3925 transpositi
1017 3864 1080 3932 non
1103 3842 1170 3905 sine
1194 3841 1308 3905 iucun-

247 3966 345 4030 ditate
368 3966 435 4052 legi
457 3968 588 4050 possint,
613 3968 668 4032 sed
691 3990 770 4051 quos
793 3967 915 4056 fructus
939 3989 978 4030 ex
1001 3967 1059 4030 tali
1074 3967 1182 4030 labore
1198 3965 1304 4049 perci-

246 4112 322 4174 pere
352 4092 473 4175 possis?
518 4090 566 4155 Sit
593 4114 668 4156 sane
692 4091 816 4176 insigne
841 4092 1063 4157 documentum
1085 4090 1207 4176 ingenii
1230 4111 1308 4154 acu-
