2916 4834
719 435 894 496 ...42-

379 609 516 694 Propter
549 610 619 674 haec
652 611 819 691 rationem,
855 634 918 696 qua
951 610 993 678 N.
1029 613 1220 677 sententiam
1249 635 1337 678 suam

273 733 426 813 defendit,
452 737 658 819 comprobare
682 759 747 829 non
769 759 934 820 possumus
958 742 990 802 et
1013 739 1106 803 valde
1123 740 1280 819 timemus,
1297 762 1336 803 ne

272 859 364 923 nobis
387 882 450 924 non
473 861 638 946 contingat
666 863 711 940 ut,
739 863 894 947 quomodo
917 862 1001 926 inter
1025 885 1057 926 se
1082 863 1263 928 oohaereant
1285 865 1335 930 ha

275 985 344 1048 duae
368 987 486 1067 parteS,
512 984 588 1048 satis
611 985 781 1049 manifesto
806 985 1009 1070 explicemus
1288 1075 1291 1080 1

379 1107 537 1188 Vidimus,
572 1109 675 1192 qualis
711 1113 794 1174 esset
828 1109 962 1194 utraque
996 1134 1071 1195 pars
1094 1112 1189 1176 huius
1213 1115 1336 1192 satirae;

267 1254 359 1297 mune
383 1255 530 1318 quaenam
553 1234 595 1298 sit
617 1257 727 1298 aarum
744 1236 921 1299 coniunctio
938 1237 1238 1304 animadvertamus,
1277 1237 1337 1312 Qui

272 1357 492 1442 integritatem
517 1359 615 1422 totius
639 1359 744 1424 satirae
769 1360 943 1423 defendunt
965 1362 1128 1425 vincutum
1145 1385 1212 1426 esse
1227 1363 1338 1427 volunt
1363 1367 1368 1374 ’

273 1505 303 1546 v.
329 1483 370 1545 28
395 1505 464 1566 sqq.

431 1663 434 1668 Δ
468 1733 469 1736 ,
488 1686 589 1760 quales
612 1688 686 1744 tuno
702 1687 803 1761 epulas
820 1686 918 1761 ipsum
941 1687 1063 1762 glutisse
1086 1691 1227 1763 putamus

486 1791 738 1867 induperatorem,
764 1811 831 1850 oum
854 1795 901 1851 tot
924 1793 1059 1852 sestertia
1087 1830 1121 1837 —

598 1934 632 1940 —
659 1899 788 1958 ructarit
811 1917 913 1957 scurra
936 1901 1053 1958 Palati?

316 2123 319 2129 ’
381 2105 424 2168 Et
448 2106 662 2170 confitendum
686 2109 734 2170 est
757 2129 832 2170 sane
855 2109 975 2191 praeter
997 2107 1057 2172 hoe
1080 2109 1243 2172 vinculum
1265 2111 1339 2174 nul-

273 2229 340 2292 lum
363 2229 509 2294 inveniri.
555 2227 594 2294 In
615 2232 729 2314 'priore
764 2232 864 2316 igitur
886 2237 979 2315 parte
1003 2255 1105 2296 sermo
1130 2237 1178 2296 est
1201 2234 1240 2298 de
1264 2257 1338 2317 pre-

277 2354 448 2418 tiosissima
472 2377 550 2418 oona
574 2355 721 2439 Crispini,
743 2356 856 2420 deinde
872 2359 968 2440 poeta
983 2357 1107 2440 quaerit,
1120 2359 1229 2440 quales
1245 2381 1339 2422 cenas

276 2478 480 2544 Domitianus
504 2481 572 2564 ipse
596 2481 766 2565 gluttierit.
813 2479 1066 2564 Sumptuosiores
1082 2483 1242 2546 nimirum.
1276 2483 1339 2548 nt-

275 2626 336 2688 que
372 2605 526 2670 invooatis
560 2605 661 2669 Musis
691 2609 786 2689 poeta
815 2607 924 2669 statim
947 2607 1062 2670 transit
1086 2607 1208 2672 adhoc
1232 2610 1339 2672 eonvi-

274 2729 362 2793 vium
396 2729 609 2812 sumptuosius
645 2731 964 2794 commemorandum.
1015 2731 1061 2794 At
1095 2732 1226 2796 ubinam
1260 2733 1339 2796 illud

276 2856 344 2918 est?
390 2851 441 2918 Ne
469 2855 642 2939 vestigium
666 2855 795 2937 quidem
818 2855 958 2918 cernitur
980 2855 1053 2920 inde
1078 2880 1149 2922 av.
1174 2859 1215 2921 37
1240 2880 1339 2941 usque

275 2980 316 3044 ad
350 2979 447 3044 fiue'm
481 2980 597 3044 satirae.
650 2977 735 3044 Nam
769 2981 804 3044 in
837 2981 887 3044 his
921 2981 1066 3045 versibus
1097 3003 1199 3046 sermo
1228 2986 1276 3046 est
1300 2983 1339 3046 de

275 3105 406 3169 oonsilio
435 3126 603 3188 procerum
632 3105 666 3168 in
693 3105 770 3169 viila
793 3105 921 3170 Albana
944 3105 1065 3170 habito
1112 3105 1158 3170 Ab
1181 3106 1242 3170 hoe
1266 3129 1340 3171 eon·

190 3287 202 3312 ,
275 3229 382 3294 silium
402 3211 453 3293 ¹de
480 3230 567 3312 pisce
590 3229 738 3293 habitum
761 3234 818 3293 est.
865 3227 925 3309 Ita,
949 3252 1013 3294 non
1036 3253 1132 3316 ueg03
1158 3233 1213 3295 sed
1236 3254 1339 3316 neque

275 3354 328 3418 hio
357 3355 453 3439 piscis
482 3355 657 3421 comeditur
680 3356 715 3418 in
737 3356 879 3421 convivio
903 3360 1094 3439 sumptuoso,
1119 3378 1233 3440 neque,
1257 3359 1340 3440 quod

274 3481 379 3565 magis
415 3485 471 3559 est,
507 3503 526 3544 a
559 3481 742 3572 Domitiano
777 3481 880 3562 pretio
910 3481 1021 3545 insano
1052 3484 1177 3564 emptus
1202 3484 1259 3562 est,
1285 3483 1340 3545 sed

276 3606 378 3690 gratis
414 3606 443 3669 ei
479 3606 623 3670 donatus.
670 3603 840 3669 Neminem
874 3605 969 3690 fugit,
1004 3609 1133 3689 poetam
1167 3607 1201 3670 in
1234 3606 1339 3690 priore

274 3734 367 3814 parte
403 3730 509 3794 satirae
546 3730 584 3794 de
618 3730 716 3794 mullo
748 3729 886 3814 Crispini
909 3730 1005 3814 loqui,
1031 3735 1065 3794 ut
1089 3731 1127 3794 de
1151 3730 1340 3816 gravissima

274 3876 321 3934 re,
356 3855 390 3919 in
425 3856 526 3919 altera
556 3876 631 3919 vero
655 3855 693 3918 de
717 3855 849 3919 rhombo
871 3855 1049 3920 Domitiani
1072 3860 1108 3919 ut
1131 3856 1169 3919 de
1193 3878 1228 3922 re
1251 3855 1340 3919 vilis-

275 3979 357 4044 sima
379 3979 572 4064 minimeque
596 3979 737 4043 omnium
761 3981 859 4065 digna
882 3980 920 4043 de
944 4002 1008 4064 qua
1032 3980 1272 4045 deliberaretur.
