2854 4828
545 1241 696 1350 Sutiru
734 1242 804 1351 111.

247 1489 382 1554 Satiram
420 1491 620 1554 undecimam
655 1492 688 1554 in
724 1493 801 1554 duas
835 1495 954 1574 parter,
983 1515 1117 1575 quarum
1140 1513 1204 1556 una

1081 1382 1086 1412 1

135 1641 191 1681 vv.
228 1617 346 1694 1--55‚
383 1617 484 1678 altera
518 1639 568 1680 vv.
605 1617 757 1680 56—-208
794 1617 944 1696 continet,
980 1617 1079 1680 dividi
1101 1640 1203 1700 posse,

136 1741 235 1804 facile
258 1742 411 1805 videmus.
452 1740 686 1825 Argumentum
710 1741 846 1823 primum
871 1741 981 1824 paucis
998 1750 1212 1825 exponemus,¹

139 1867 255 1930 deinde
280 1867 317 1929 de
342 1865 535 1930 cohaerentia
557 1867 731 1950 loquemur.

248 1990 324 2066 Quae
349 1991 382 2054 in
405 1991 509 2074 priore
532 1993 624 2074 parte
649 1991 860 2074 disputantur,
878 2013 916 2055 ea
933 1993 972 2054 ad
987 2015 1038 2056 vv.
1057 1993 1203 2057 35—36:

267 2168 416 2244 ¹noscenda
440 2169 485 2224 est
507 2185 646 2224 mensura
669 2166 715 2224 sui
738 2167 958 2242 spectandaque
982 2167 1071 2225 rebus

270 2273 300 2330 in
324 2273 445 2330 summis
469 2273 655 2348 minimisque

140 2459 304 2536 tamquam
341 2455 380 2517 ad
415 2454 534 2517 fontem
562 2454 703 2518 revocari
726 2458 867 2537 possunt,
892 2477 966 2518 nam
990 2459 1085 2538 eaput
1109 2478 1205 2541 urgu-

139 2579 345 2642 meniaiionis
380 2578 436 2642 iila
471 2601 619 2642 mensura
652 2582 709 2655 esi,
734 2601 804 2662 quae
829 2579 863 2642 si.
880 2579 971 2657 desit,
996 2581 1101 2644 omnia
1123 2603 1206 2643 vana

140 2707 174 2766 et
209 2702 340 2766 confusa
376 2725 443 2766 esse
478 2707 574 2787 poeta
602 2708 717 2768 monet.
766 2703 855 2778 Quod
879 2705 912 2766 in
936 2704 1018 2767 hane
1043 2705 1109 2768 iere
1133 2727 1206 2768 sen-

128 2805 277 2892 'tentiam
308 2829 517 2892 demonstrat.
564 2826 626 2902 1111,
651 2829 765 2912 inquit,
790 2829 845 2911 qui
869 2829 901 2891 in
925 2829 1094 2907 luxurium,
1119 2829 1206 2892 nulla

141 2953 342 3016 fortunarum
378 2953 498 3016 ratione
534 2952 654 3031 habita,
690 2953 859 3035 pecuniam
895 2957 1038 3038 erogant,
1073 2955 1106 3016 in
1135 2975 1206 3018 euru

140 3081 260 3141 statum
295 3080 454 3160 postremo
489 3077 688 3162 rediguntur,
723 3081 757 3140 ut
781 3078 820 3141 ad
844 3079 944 3141 vitam
968 3077 1220 3142 sustentandam
1247 3079 1250 3086 ’

139 3224 211 3266 sese
244 3202 368 3266 lanistae
392 3203 533 3266 vendere
554 3206 718 3286 cogantur,
742 3203 831 3266 velut
854 3202 982 3266 Rutilus
1006 3199 1070 3282 (vv.
1097 3203 1195 3284 1-8)

140 3325 205 3400 Qui
240 3328 378 3390 nondum
413 3330 503 3390 ianua
533 3329 667 3410 penuria
690 3328 846 3405 laborant,
871 3331 988 3403 tamen,
1013 3327 1088 3409 quia
1111 3327 1151 3390 iis
1174 3328 1208 3392 in

140 3451 210 3516 solo
234 3452 342 3534 palato
367 3473 462 3514 causa
485 3452 612 3516 vivendi
635 3455 692 3530 est,
710 3452 799 3515 brevi
817 3451 952 3515 eundem
968 3454 1064 3534 nique
1080 3451 1208 3516 Rutilus

142 3575 265 3639 exitum
288 3575 470 3656 habebunt3
495 3577 608 3640 nimios
632 3578 776 3658 sumpius
799 3597 887 3638 more
912 3576 1082 3640 stultorum
1106 3576 1208 3640 homi·

141 3723 219 3764 num
242 3700 375 3778 faciunt,
400 3699 445 3762 sic
469 3701 509 3763 ad
532 3700 729 3764 miseiilanea
749 3700 820 3772 ludi
844 3700 931 3764 ocius
955 3701 1055 3764 serius
1080 3700 1209 3764 venient
1246 3787 1250 3794 .

142 3823 208 3906 (vr.
245 3825 376 3916 9-20).
424 3824 544 3889 Vivant
579 3825 634 3903 ita,
672 3825 725 3908 qui
762 3825 876 3889 divites
911 3825 990 3902 sint3
1026 3825 1080 3908 qui
1104 3823 1208 3888 minus

142 3949 285 4013 habeant
318 3949 532 4028 meminerint,
568 3953 722 4033 quantum
758 3950 854 4013 distet
893 3949 1036 4014 sacculus
1071 3951 1111 4013 ab
1135 3971 1209 4014 arca

87 4143 95 4158 ‚
143 4074 264 4138 ferrata
299 4073 362 4153 (vv.
392 4075 548 4156 21—27).
594 4073 696 4138 Vetus
720 4075 887 4138 1111111111
911 4074 990 4137 iliud
1013 4077 1077 4137 est:
1114 4075 1209 4152 γνῶθι
