2916 4834
583 447 757 511 -39,-

129 649 271 711 ‹quorum
295 649 335 690 ne
358 625 485 709 utrique
507 625 662 689 terminos
685 627 850 688 transeant
872 609 1078 688 vehementer
1092 624 1201 690 timeo,

132 751 199 817 Sed
233 772 359 835 quoquo
392 751 485 814 modo
519 772 552 814 se
587 771 638 814 res
667 749 775 828 habet,
802 750 842 813 ad
865 752 986 813 certam
1009 750 1201 813 sententiam

135 876 378 959 concipiendam
409 897 538 940 necesse
575 879 623 940 est
656 874 795 958 primum
826 874 943 953 videre,
968 897 1044 938 num
1067 875 1130 938 sint
1152 874 1202 937 in-

133 1002 268 1066 teriores
303 1004 398 1080 notae,
434 1001 549 1083 quibus
583 1000 805 1084 integritatem
837 999 1010 1098 defendere!
1036 999 1201 1082 possimus,

133 1127 251 1191 deinde
275 1126 411 1190 formam
432 1125 631 1192 transitionis
654 1125 756 1208 qualis
781 1125 823 1189 sit
846 1125 1109 1189 animadvertere.

244 1249 423 1314 Possuntne
453 1250 550 1333 primi
573 1249 614 1315 36
639 1271 748 1314 versus
771 1271 835 1312 una
858 1272 930 1314 oum
954 1250 1067 1314 ceteris
1090 1271 1204 1332 poema

133 1375 301 1440 eohaerens
342 1375 487 1440 efficere?
541 1357 726 1454 Videamus
762 1375 839 1458 quid
872 1375 907 1438 in
941 1378 1076 1459 utraque
1110 1378 1203 1458 parte

136 1504 266 1586 agatur.
318 1497 358 1564 In
391 1501 496 1582 priore
531 1504 625 1583 poeta
654 1501 689 1563 in
712 1499 901 1583 Crispinum,
926 1503 1101 1563 monstrum
1124 1500 1203 1565 illud

134 1625 227 1690 nulla
249 1626 368 1690 virtute
391 1626 592 1708 redemptum
615 1647 634 1688 a
656 1625 753 1703 vitiis,
770 1624 941 1704 invehitur,
958 1647 1031 1689 oum
1047 1625 1110 1689 alia
1124 1626 1210 1690 vitia

136 1751 206 1815 eius
229 1743 425 1833 vituperans,
454 1752 523 1812 tum
545 1750 683 1813 maxime
707 1751 790 1834 quod
812 1750 945 1814 mullum
970 1772 1026 1814 sex
1049 1751 1203 1816 sestertiis

137 1876 277 1939 emisset.
323 1873 437 1958 Neque
460 1878 569 1939 tamen
591 1875 625 1938 id
647 1898 681 1940 se
704 1877 893 1940 miraturum
916 1875 1024 1955 fuisse,
1041 1875 1068 1938 si
1083 1875 1203 1958 piscem

131 2000 209 2064 seni
232 2002 309 2064 orbo
331 2000 383 2065 vel
405 2023 531 2085 magnae
556 2002 665 2065 amioae
691 2000 854 2084 Crispinus
879 2000 1031 2079 dedisset
1043 2001 1099 2064 sed
1111 2001 1203 2066 unius

136 2124 276 2189 hominis
310 2147 453 2188 mensam
486 2130 554 2189 tam
583 2147 656 2190 earo
683 2127 770 2210 pisce
794 2126 900 2190 ornari
922 2125 1101 2189 inauditum
1125 2147 1203 2192 esse.

246 2249 420 2334 Postquam
453 2251 612 2314 voracitas
646 2249 784 2333 Crispini
812 2248 874 2314 hoo
897 2251 989 2343 modo
1013 2273 1203 2314 commemo-

136 2377 210 2438 rata
234 2378 292 2453 est,
315 2377 412 2458 poeta
434 2374 549 2439 transit
572 2377 612 2438 ad
634 2375 860 2458 imperatorem
875 2374 1096 2439 Domitianum
1109 2380 1204 2460 atque

138 2497 259 2563 aulicos
284 2500 350 2562 eius
373 2500 407 2562 in
429 2521 567 2564 soaenam
589 2500 793 2564 inducendos,
838 2497 999 2563 Narratur
1021 2499 1140 2587 fabella
1162 2537 1203 2546 —

135 2645 215 2687 vera
251 2646 291 2692 an
325 2623 400 2687 ficta
433 2622 515 2687 nihil
548 2624 588 2687 ad
617 2645 686 2687 rem
710 2659 751 2668 -
775 2624 807 2687 in
832 2646 895 2707 qua
917 2624 1062 2707 nequitia
1085 2625 1205 2690 domini
1255 2711 1257 2719 J

136 2769 202 2812 non
225 2747 329 2811 minus
353 2769 448 2830 quam
472 2748 602 2813 serviles
626 2733 805 2814 aulicorum
825 2748 923 2812 animi
942 2749 1014 2835 iure
1039 2771 1076 2812 ao
1091 2750 1205 2814 merito

137 2874 306 2937 vexantur.
352 2869 438 2934 Nam
461 2894 533 2935 cum
557 2872 707 2936 rhombus
730 2872 865 2956 insignis
888 2873 1118 2958 magnitudinis
1136 2872 1204 2938 Cae·

135 2995 205 3060 sari
236 2995 405 3080 aliquando
437 2996 570 3061 donatus
594 2999 687 3075 esset,
710 3018 769 3060 neo
792 2997 869 3060 satis
894 2997 999 3081 ampla
1022 2997 1133 3081 patina
1154 2999 1205 3061 in-

135 3121 244 3185 veniri
266 3124 383 3204 posset,
406 3124 502 3204 poeta
524 3125 643 3200 narrat,
667 3121 821 3204 primores
838 3121 977 3186 civitatis
993 3122 1027 3185 in
1039 3122 1206 3186 eonsilium

137 3267 209 3310 esse
243 3217 400 3325 vocatos,x
417 3249 453 3310 ut
481 3245 603 3309 dehac
626 3267 659 3310 re
684 3246 873 3330 gravissima
897 3247 1121 3312 deliberarent.
1167 3244 1206 3311 In

136 3369 201 3435 hoo
231 3371 362 3435 oonsilio
391 3348 666 3435 commemorando
687 3373 783 3454 poeta
806 3374 997 3454 potestatem
1018 3371 1118 3437 habet
1141 3371 1206 3434 sin·

137 3495 289 3582 gulorum
313 3495 487 3560 aulicorum
509 3517 611 3560 mores
636 3495 839 3580 depingendi‚
864 3518 927 3579 qua
949 3495 1057 3560 tamen
1080 3496 1126 3560 ita
1142 3496 1206 3560 uti·

137 3625 203 3700 tur,
238 3623 274 3683 ut
307 3642 372 3684 non
402 3619 456 3684 diu
487 3619 571 3703 apud
599 3619 741 3706 singulos
764 3626 937 3700 remaneat.
983 3619 1050 3686 Uni
1073 3620 1205 3686 alterive

113 3744 240 3810 “unum
269 3746 491 3809 tantummodo
514 3744 566 3808 vel
589 3745 665 3809 duos
688 3765 797 3808 versus
820 3745 943 3809 tribuit.
990 3742 1095 3829 Ipsius
1119 3737 1206 3810 oense

104 3949 112 3956 μ
136 3892 181 3936 ne
204 3870 378 3955 vestigium
401 3869 530 3954 quidem
554 3872 612 3933 est.

249 3993 326 4070 Quis
349 4017 432 4059 nuno
457 3993 561 4057 dicere
586 3995 709 4073 audeat,
733 3993 799 4058 iam
816 3993 1007 4077 aprinoipio
1023 3990 1206 4058 Iuvenalem

134 4123 242 4185 totam
264 4119 348 4183 hano
363 4119 495 4184 satiram
511 4117 734 4202 composuisse,
751 4122 786 4182 ut
800 4139 914 4202 poema
929 4119 1092 4204 integrum
1104 4119 1206 4182 esset?
