2930 4836
802 286 807 316 i

690 458 885 522 -134-

258 637 374 700 festum
410 636 624 714 celebrarent3
660 635 842 719 Tentyrites
865 638 972 698 tamen
997 638 1115 718 praeter
1137 635 1321 718 opinionem

237 762 357 826 'victos
381 765 413 825 et
437 762 564 845 fugatos
589 783 667 839 esse,
691 783 825 844 quorum
849 781 865 823 e
890 781 1021 823 numero
1045 782 1117 824 cum
1140 781 1220 824 unus
1243 783 1321 843 pro-

257 886 364 970 lapsus
401 886 576 963 cecidisset,
609 886 649 949 ab
677 883 814 948 Ombitis
839 907 911 948 eum
935 888 1061 968 captum
1087 890 1119 948 et
1142 907 1204 949 non
1226 886 1321 948 modo

163 1065 168 1076 .
257 1012 462 1075 interfectum
486 1032 596 1074 verum
620 1010 717 1074 etiam
740 1010 949 1073 dilaceratum
965 1015 997 1073 et
1013 1013 1233 1093 consumptum
1250 1031 1319 1073 esse

258 1135 321 1216 (vv.
348 1135 502 1211 33-92).

364 1257 440 1323 Non
473 1262 571 1342 negat
605 1263 708 1342 poeta,
733 1260 889 1324 cadavera
911 1258 1051 1322 humana
1074 1261 1114 1322 ab
1137 1258 1320 1322 hominibus

258 1384 428 1466 aliquando
463 1388 649 1467 consumpta
684 1405 762 1460 esse,
797 1384 853 1447 sed
876 1383 936 1446 hoc
960 1383 1104 1446 excusari
1127 1405 1219 1466 posse
1243 1406 1321 1449 con-

258 1509 371 1589 tendit,
407 1509 434 1572 si
470 1531 571 1572 causae
608 1509 675 1571 eius
699 1509 784 1571 modi
808 1509 970 1571 foedorum
994 1508 1149 1571 scelerum
1174 1510 1320 1572 conside-

259 1636 377 1697 rentur.
419 1633 687 1717 Oulagurritonos,
713 1654 784 1695 cum
808 1634 882 1696 urbs
907 1655 1015 1696 eorum
1031 1656 1049 1696 a
1065 1632 1217 1717 Pompeio
1233 1635 1320 1697 obsi-

258 1759 395 1833 deretur,
435 1779 468 1821 se
508 1758 715 1822 cadaveribus
751 1780 884 1820 uxorum
920 1762 951 1821 et
985 1757 1156 1821 liberorum
1192 1758 1318 1836 aluisse,

258 1888 366 1946 tamen
400 1905 467 1946 rem
503 1905 570 1946 esse
606 1882 772 1961 diversam,
809 1882 957 1965 quoniam
992 1881 1026 1957 ii,
1057 1883 1134 1946 belli
1167 1887 1199 1946 et
1234 1883 1320 1946 obsi-

259 2009 363 2071 dionis
398 2008 588 2070 necessitate
623 2006 733 2085 coacti,
771 2007 810 2070 ad
842 2006 898 2068 illa
933 2006 1073 2070 facinora
1101 2007 1318 2091 confugerint;

258 2131 459 2196 Ombitarum
501 2132 603 2195 scelus
641 2132 728 2195 nullo
767 2131 923 2215 supplicio
963 2132 1086 2214 expiari
1124 2153 1216 2214 posse
1255 2132 1319 2213 (vv.

258 2257 435 2338 93-131).

367 2381 424 2444 His
458 2381 604 2444 nefandis
634 2381 807 2444 sceleribus
831 2384 926 2464 poeta
950 2383 1095 2445 mutuum
1118 2381 1208 2444 illum
1233 2403 1319 2444 amo·

257 2529 325 2569 rem
349 2506 490 2588 opponit,
518 2528 612 2588 quem
636 2511 750 2569 natura
772 2505 954 2569 hominibus
978 2505 1139 2590 ingenuit3
1176 2527 1269 2588 quem
1292 2505 1320 2568 si

257 2636 421 2712 tamquam
456 2632 568 2695 ducem
598 2634 815 2714 sequerentur,
841 2652 1014 2712 numquam
1038 2653 1090 2694 eos
1113 2631 1200 2695 vitiis
1225 2630 1318 2715 flagi-

257 2755 373 2836 tiisque
398 2776 430 2817 se
455 2755 673 2838 inquinaturus
697 2757 752 2819 sed
769 2757 848 2819 bene
866 2757 1021 2838 beateque
1038 2756 1176 2820 victuros
1194 2757 1318 2820 demon·

257 2882 337 2942 strat
361 2878 424 2959 (vv.
452 2881 650 2962 132—174).

364 3003 454 3079 Quod
479 3009 700 3088 argumentum
726 3028 798 3069 cum
820 3005 969 3088 Kempfio
985 3007 1130 3087 ineptum
1147 3027 1215 3068 esse
1231 3005 1318 3070 vide-

258 3131 339 3208 atur,
375 3131 505 3193 satiram
541 3129 685 3213 quintam
721 3131 876 3194 decimam
912 3155 930 3193 a
965 3126 1115 3194 Iuvenale
1147 3130 1317 3207 abiudicat‚

258 3274 328 3315 eam
363 3276 487 3338 quoque
523 3275 650 3318 causam
675 3255 831 3332 adferens,
856 3256 939 3337 quod
963 3256 995 3318 in
1019 3255 1209 3338 quibusdum
1233 3255 1318 3318 codi-

258 3377 347 3442 cibus
370 3377 439 3442 haec
463 3381 561 3443 satira
585 3383 657 3463 post
680 3381 810 3443 satiram
834 3384 955 3444 sextam
980 3381 1134 3443 decimam
1151 3379 1271 3464 legitur
1284 3376 1318 3460 ¹).

258 3501 338 3565 Haec
372 3525 447 3566 vero
481 3505 639 3567 sententia
669 3505 809 3587 Kempfii
845 3507 908 3568 iam
933 3529 951 3568 a
975 3504 1097 3568 Puhnio
1120 3503 1260 3598 optimis
1286 3505 1319 3566 ut

258 3625 337 3689 mihi
362 3627 490 3710 quidem
512 3630 647 3707 videtur,
673 3629 870 3713 argumentis
895 3631 1033 3692 refutata
1057 3633 1105 3692 est
1134 3627 1157 3710 )

369 3873 388 3941 ¹)
409 3875 437 3928 C.
457 3875 561 3928 Kanna:
590 3877 630 3931 De
649 3877 737 3932 satira
755 3877 813 3941 XV,
833 3894 894 3944 quae
914 3877 964 3930 sub
984 3875 1124 3930 Iuvenalis
1144 3875 1257 3930 nomine
1270 3875 1320 3929 eir·

259 3964 419 4028 cumfertur,
440 3964 528 4018 Berol.
551 3965 626 4020 1843.

369 4049 388 4118 ⁹)
409 4053 439 4106 G.
461 4054 549 4106 Pnnu:
578 4055 617 4108 De
645 4054 784 4110 Iuvenalis
804 4053 891 4108 satiro
910 4053 1010 4122 quintu
1029 4053 1137 4108 decima
1156 4051 1319 4123 disputatio,

258 4141 364 4195 Nordh.
385 4142 462 4196 1882.
