2930 4836
723 452 896 514 ...84-

230 653 233 666 ·
276 634 472 714 captatorem
506 652 569 694 non
604 651 682 708 esse,
718 650 821 712 neque
857 629 985 693 omnino
1020 649 1088 692 esse
1123 649 1228 710 posse,
1268 649 1335 691 cnm

277 755 419 820 Catullus
457 759 522 818 tres
556 775 671 837 parvos
706 753 840 817 heredes
874 753 939 816 iam
972 751 1102 816 habeat.
1148 751 1210 816 Pro
1238 751 1335 816 amico

275 883 341 944 tam
365 880 467 944 sterili
488 901 527 942 ne
544 878 737 943 coturnicem
754 879 883 960 quidem
898 876 1055 941 immolari
1071 877 1184 942 solere.
1221 875 1336 952 Quodsi

276 1005 347 1069 orbi
382 1003 501 1088 Gallita
532 1006 564 1067 et
586 1002 701 1066 Pacius
725 1003 851 1107 sentire,
867 1001 1004 1066 calorem
1029 1002 1203 1084 coeperint,
1229 1004 1336 1084 capta-

264 1106 362 1192 tores
387 1150 495 1192 eorum
518 1129 662 1211 protinus
686 1128 797 1191 caelum
815 1149 852 1190 ac
868 1131 970 1190 terras
986 1126 1129 1204 miscere,
1147 1128 1183 1189 ut
1199 1125 1336 1189 studium

276 1274 479 1335 amoremque
514 1275 605 1316 suum
640 1273 719 1336 erga
742 1273 794 1314 eos
818 1273 914 1334 quam
937 1251 1137 1334 apertissime
1161 1253 1334 1325 ostentent3

276 1380 345 1452 tom
369 1377 439 1440 illos
459 1379 638 1459 captatores
655 1377 754 1460 queri,
771 1377 854 1458 quod
870 1377 903 1439 in
920 1373 1014 1439 Italia
1030 1375 1193 1458 elephanti
1210 1375 1336 1439 venales

275 1523 339 1578 uon
373 1502 445 1580 sint,
469 1485 572 1564 nullos
596 1503 740 1583 sumptus
763 1501 876 1564 nimios
899 1503 1024 1583 putare,
1049 1501 1123 1581 dum
1147 1485 1241 1564 modo
1263 1500 1336 1562 talis

276 1625 371 1690 belna
388 1672 390 1686 .
406 1630 478 1688 ante
493 1663 496 1670 .
513 1626 595 1689 lares
626 1625 732 1688 divitis
756 1625 881 1708 patroni
905 1625 1008 1702 cadat,
1033 1625 1110 1708 quin
1134 1625 1232 1688 etiam
1255 1645 1335 1702 esse,

277 1749 417 1834 quinon
441 1751 531 1814 modo
554 1749 652 1814 servis
676 1751 741 1814 suis
764 1733 874 1813 verum
898 1750 994 1812 etiam
1018 1749 1092 1812 filiae
1116 1726 1213 1813 vittas
1236 1749 1337 1833 impo-

189 1879 214 1940 5
277 1855 356 1940 nant
406 1878 441 1938 ut
476 1875 566 1958 quasi
601 1875 702 1938 altera
737 1855 907 1959 Iphigenia
941 1857 1133 1938 immoletur.
1192 1873 1338 1960 Castigat

276 2003 373 2083 poeta
406 2000 634 2063 iucundissima
668 2000 813 2064 irrisione
848 1999 914 2062 eius
943 1999 1026 2062 modi
1050 1997 1212 2062 hominnm
1235 2020 1337 2062 mores

277 2126 443 2207 probrosos
478 2127 510 2188 et
543 2124 614 2186 finit
646 2123 776 2188 satiram
800 2123 915 2207 additis
939 2123 1059 2206 aliquot
1081 2123 1197 2202 verbiS,
1222 2123 1337 2208 quibus

277 2252 376 2332 optat,
401 2253 436 2312 ut
458 2249 512 2313 isti
536 2253 716 2332 captatores
741 2249 793 2312 diu
817 2248 936 2324 vivant,
961 2270 1073 2312 aurum
1097 2247 1260 2311 cumulent
1283 2249 1337 2311 sed

183 2427 186 2436 .
277 2375 317 2436 ab
341 2373 485 2437 omnibus
508 2373 688 2437 hominibus
713 2373 927 2456 despiciantur
951 2378 1013 2450 (vv.
1038 2373 1214 2448 93430).

384 2496 515 2562 Dulcior
545 2503 587 2575 (v.
614 2497 645 2579 1)
661 2500 743 2580 apte
768 2498 897 2580 ponitur
921 2497 961 2560 ad
984 2497 1235 2580 exprimendum,
1261 2497 1337 2580 quid

277 2627 371 2706 poeta
403 2622 547 2698 senserit,
573 2644 644 2685 cum
668 2623 707 2685 ad
731 2621 813 2684 hauc
836 2621 977 2700 satiram,
1003 2623 1043 2685 ab
1067 2621 1169 2686 amico
1194 2622 1233 2685 ad
1258 2621 1337 2684 ami·

278 2769 349 2810 cum
373 2747 411 2810 de
436 2747 594 2810 communi
619 2746 720 2830 amico
745 2746 882 2824 missam,
907 2746 1155 2828 componendam
1180 2747 1337 2831 aggrede-

277 2877 375 2936 retur.
422 2871 524 2934 Multo
548 2872 660 2934 melius
685 2874 732 2934 est
756 2892 851 2952 quam
875 2871 958 2953 quod
980 2871 1145 2953 proposuit
1163 2869 1338 2954 Rupertius

277 2997 392 3060 carior'
414 2997 435 3058 l.
471 2996 595 3073 clarior,
631 2999 686 3058 aut
704 2996 803 3079 quod
825 2996 858 3058 in
886 2996 992 3059 codice
1017 2996 1153 3079 quodam
1178 3019 1197 3058 a
1220 2995 1337 3084 Gasteo

277 3121 443 3204 recognito
460 3119 494 3202 ¹),
518 3120 679 3192 invenitur
701 3120 874 3203 pulchrior.

384 3245 587 3310 Circuitionis
613 3246 792 3328 exemplum
816 3247 865 3308 est
887 3267 916 3308 v.
942 3246 973 3322 4,
998 3268 1016 3307 a
1040 3267 1156 3330 genere
1177 3245 1340 3310 scribendi

278 3365 438 3432 Iuvenalis
454 3392 517 3434 non
535 3370 687 3449 alienum,
701 3371 783 3452 quod
800 3391 895 3452 supra
912 3369 1202 3434 animadvertimus.
1239 3369 1340 3445 Quat-

276 3494 456 3557 tuordecim
488 3495 635 3578 exempla
670 3516 686 3558 e
720 3495 877 3577 prioribus
913 3494 1018 3557 satiris
1042 3497 1169 3577 sumpta
1192 3494 1341 3558 adnotari

278 3621 417 3702 possunt,
441 3619 574 3681 totidem
597 3619 664 3683 fere
689 3641 705 3682 e
730 3619 970 3701 posterioribus,

384 3742 579 3806 Particulam
613 3744 668 3806 sed
702 3743 743 3825 (.
770 3743 803 3825 5)
831 3743 1038 3806 Heinrichius
1062 3745 1106 3806 ita
1130 3744 1280 3827 explicat,
1306 3749 1342 3808 ut

278 3867 413 3930 vitulum
447 3867 509 3930 iam
545 3871 692 3950 paratum
718 3890 795 3944 esse,
830 3890 929 3952 agnas
952 3891 1013 3932 non
1036 3869 1123 3946 item,
1156 3870 1341 3950 corrfirmet3

388 4043 406 4110 ¹)
427 4045 459 4097 A.
480 4045 584 4099 Gssrt:
614 4044 702 4098 Notes
728 4043 859 4112 critiques
879 4063 925 4098 sur
943 4064 980 4098 uu
998 4046 1152 4100 manuscrit
1171 4046 1204 4100 de
1223 4047 1344 4102 luveual

279 4136 330 4187 cet.
350 4131 440 4186 Exstr.
460 4133 485 4187 d.
507 4133 628 4187 Annales
647 4133 672 4185 d.
693 4133 711 4186 l.
731 4133 793 4186 Fac.
814 4133 839 4186 d.
859 4133 956 4188 lettres
974 4135 1343 4191 d.BordeauxH.3.1880.
