2854 4828
559 451 732 515 „59-

102 632 185 692 est?
220 627 253 692 si
277 628 402 693 Catulla
426 627 563 693 deterior
587 633 634 694 est
657 652 752 712 quam
769 628 882 713 Oppia,
903 651 971 693 eam
989 629 1174 696 libidinibus
1287 694 1291 700 ,
1371 619 1374 626 ’

105 755 291 840 indulgere,
327 777 387 818 non
416 755 601 830 vmirandum
626 759 683 818 cst.
730 753 803 820 Non
826 754 897 834 hoc,
922 756 1044 838 opinor,
1070 755 1174 820 dicere

106 880 215 943 voluit
250 877 424 956 luvenalis3
460 880 492 943 id
527 883 650 943 tantum
674 881 845 964 significat,
869 881 990 944 nullam
1014 881 1174 958 feminam,

106 1005 141 1068 si
176 1005 218 1067 sit
252 1005 431 1098 libidinosa,
467 1004 642 1090 cupiditati
670 1006 817 1068 resistere
851 1027 953 1088 posse.
1012 1004 1176 1069 Sententia

105 1132 298 1194 verborum:
323 1133 404 1193 totos
429 1131 526 1193 habet
550 1131 615 1193 illic
639 1131 758 1194 femina
782 1153 895 1209 morea,
920 1131 986 1193 sine
1011 1131 1077 1193 ulla
1094 1131 1175 1194 diffi-

108 1255 232 1318 cultate
260 1255 405 1340 intellegi
429 1259 543 1338 potest,
567 1256 671 1338 potuit
695 1259 802 1318 tamen
827 1255 1005 1339 elegantius
1030 1255 1175 1339 exprimi.

106 1378 253 1443 Versum
288 1380 431 1462 spurium
461 1383 550 1463 puto.
597 1380 648 1443 Ad
673 1403 721 1443 vv.
748 1380 921 1444 328—329
946 1381 1004 1443 cfr.
1029 1377 1087 1444 Vl.
1113 1380 1176 1442 284

113 1507 236 1568 -285.

222 1628 262 1692 V.
288 1632 351 1694 335
377 1652 415 1692 ex
439 1631 502 1693 ritu
526 1651 583 1713 pro
608 1632 639 1693 et
663 1630 727 1692 ritu
750 1629 922 1714 legendum
943 1651 1021 1707 esse,
1038 1629 1177 1692 Kiaerius

112 1759 224 1818 monet
242 1755 275 1832 ¹).
311 1777 350 1818 ne
385 1755 497 1817 ultima
532 1754 705 1817 sententia:
738 1754 845 1818 veniet
868 1776 939 1817 cum
963 1727 1177 1838 signatoribus

112 1901 247 1963 auspex,
282 1901 341 1962 per
375 1880 549 1962 asyndeton
584 1882 655 1962 post
690 1881 767 1942 duas
802 1880 975 1942 sententias
999 1878 1177 1962 copulative

111 2005 240 2068 iunctas
263 2005 369 2087 posita
393 2026 460 2067 esse
484 2003 639 2068 videatur.
678 2001 762 2066 Nam
787 2004 821 2066 in
844 2008 994 2086 quattuor
1018 2006 1177 2068 membro·
1242 2071 1245 2089 Ι

112 2152 187 2192 rum
211 2129 359 2192 iunctura
382 2130 556 2212 asyndeton
581 2129 665 2211 apud
689 2126 872 2192 Iuvenalem
895 2151 959 2192 non
975 2151 1080 2192 rarum
1099 2151 1177 2207 esse,

112 2257 221 2331 docet3
247 2255 369 2318 accedit
392 2255 486 2336 quod,
511 2255 687 2317 mutatione
712 2254 767 2316 illa
791 2253 886 2332 facta,
910 2256 1080 2318 verborum
1096 2257 1178 2317 tenr-

112 2403 194 2464 pora
228 2379 273 2443 ita
309 2379 527 2462 disponuntur,
563 2383 598 2442 ut
625 2379 657 2442 in
681 2379 848 2461 prioribus⁸
864 2379 1013 2443 membris
1036 2399 1178 2462 praesens

113 2507 230 2583 (sedet,
266 2506 442 2584 sternitur),
478 2506 511 2568 in
546 2505 784 2588 posterioribus,
820 2525 890 2586 quae
923 2526 981 2586 per
1005 2504 1179 2587 asyndeton

114 2631 287 2708 adduntur,
311 2631 453 2692 futurum
479 2628 661 2712 (dabuntur,
685 2629 805 2704 veniet)
830 2629 1029 2692 adhibeatur.

223 2753 282 2818 Ille
306 2755 394 2818 locus
418 2778 467 2819 vv.
493 2755 686 2819 337—338:

249 2924 311 2980 haec
335 2927 371 2979 tu
394 2924 506 2979 secreta
531 2925 561 2978 et
583 2920 684 2995 paucis
709 2921 862 2978 commissa
885 2920 1027 2995 putabas:

247 3049 305 3087 non
330 3029 384 3087 nisi
408 3029 538 3101 legitime
563 3028 629 3085 vult
652 3027 763 3084 nubere

116 3192 231 3256 similis
255 3195 303 3255 est
326 3168 427 3269 alteri,
453 3191 508 3273 qui
530 3188 571 3254 V.
597 3191 770 3253 156-157
796 3193 859 3253 est:

247 3358 373 3416 forsitan
396 3358 524 3432 inpensae
549 3356 706 3414 Virronem
729 3375 850 3430 parcere
875 3356 993 3414 credas:

163 3523 165 3532 ,
247 3465 302 3523 hoo
326 3465 398 3540 agit,
423 3468 459 3521 ut
482 3465 590 3522 doleas.

227 3628 358 3712 Epilogi
392 3627 462 3690 loco
495 3651 546 3692 vv.
583 3627 758 3692 346-366
794 3625 961 3689 adduntur.
1009 3623 1182 3708 Splendida

119 3775 199 3818 sane
239 3753 382 3817 oratione
417 3756 521 3834 poeta,
561 3752 637 3835 quid
672 3752 740 3834 ipse
776 3752 813 3814 de
848 3750 931 3813 votis
967 3772 1002 3814 ac
1035 3749 1182 3833 precibus

116 3877 283 3942 hominum
318 3877 446 3955 sentiat,
486 3877 575 3940 nobis
610 3877 774 3959 patefacit.
834 3875 911 3940 Haec
946 3880 1012 3938 tam
1047 3873 1182 3952 excelsa,

231 4125 250 4193 ¹)
270 4126 348 4179 K1nu
366 4125 385 4179 l.
405 4125 423 4178 l.
442 4144 470 4194 p.
490 4125 531 4178 74.
