2916 4834
665 1334 817 1444 Satira
855 1334 965 1443 Vl.-

372 1562 477 1630 Satira
500 1569 590 1629 sexta
613 1587 685 1630 cum
708 1567 832 1651 longior
855 1569 948 1646 esset,
972 1566 999 1630 si
1023 1587 1095 1630 cum
1112 1565 1227 1630 ceteris
1244 1587 1343 1630 oom-

265 1693 443 1772 pararetur,
477 1712 513 1754 eo
547 1691 700 1755 maiorem
731 1713 859 1755 causam
882 1691 1026 1754 attulisse
1049 1690 1186 1768 ridetur,
1211 1712 1267 1754 cur
1292 1691 1337 1754 ad

266 1835 337 1878 eam
359 1814 562 1878 iudicandam
585 1817 679 1899 atque
704 1838 743 1879 ex
771 1816 856 1880 omni
879 1819 970 1899 parte
995 1815 1238 1879 examinandam
1262 1817 1338 1878 stu-

266 1939 354 2002 dium
388 1940 420 2002 et
454 1939 595 2003 laborem
627 1941 688 2003 viri
723 1940 806 2004 docti
841 1940 1033 2004 conferrent.
1078 1937 1192 2023 Neque
1215 1940 1337 2023 negari

265 2065 381 2145 potest,
405 2064 482 2146 quin
505 2063 673 2127 materiam
697 2064 926 2147 amplissimam
955 2064 994 2127 iis
1017 2065 1171 2147 1111111111,
1196 2085 1336 2147 quorum

266 2187 389 2280 animus
423 2188 556 2252 inclinet
590 2189 629 2252 ad
660 2189 755 2252 certis
778 2188 947 2253 incertisve
964 2189 1168 2273 ¹argumentis
1191 2189 1334 2271 proban-

267 2313 351 2392 dum,
375 2313 452 2396 quid
474 2335 508 2376 re
532 2335 610 2377 vcra
622 2313 684 2377 sibi
699 2313 899 2397 proposuerit
913 2315 1017 2396 poeta,
1035 2334 1106 2376 cnm
1122 2311 1182 2377 hoc
1198 2313 1333 2397 longum

266 2457 394 2500 carmen
418 2440 629 2520 componeret.
675 2435 744 2500 Alii
767 2437 860 2501 aliter
883 2437 1022 2514 scilicet;
1047 2437 1237 2520 praeclarum
1261 2457 1331 2500 esse

266 2561 400 2646 stiloque
425 2562 558 2646 dignum
579 2564 682 2645 poetae
706 2583 799 2626 nemo
822 2584 885 2626 non
908 2539 1086 2626 confitetur.

372 2685 486 2750 Totam
519 2687 609 2751 illam
640 2687 858 2770 quaestionem‚
893 2687 982 2751 irane
1016 2710 1057 2750 an
1080 2686 1183 2750 studio
1205 2685 1331 2750 iocandi

266 2811 378 2875 ductus
400 2811 483 2876 hanc
506 2834 621 2878 novam
649 2812 863 2876 laudationem
886 2813 1102 2875 matronarum
1123 2814 1218 2894 poeta
1241 2809 1331 2875 evul-

165 2975 168 2981 -
265 2936 400 3020 garant,
424 2958 461 3000 eo
484 2937 692 3003 confidentius
716 2936 862 3000 omittere
885 2957 977 3020 posse
1000 2935 1080 3032 mihi
1102 2934 1221 3013 videor,
1245 2934 1327 3018 qnod

265 3061 353 3125 nulla
387 3062 514 3126 omnino
549 3083 644 3125 causa
674 3064 732 3141 est,
764 3083 820 3124 cur
843 3058 1027 3145 iuvenalem
1049 3060 1083 3123 in
1106 3059 1167 3123 hac
1191 3059 1329 3123 maxime

265 3187 362 3250 satira
386 3189 475 3250 sexta
499 3209 517 3250 a
540 3186 634 3250 solito
656 3207 774 3271 genere
798 3185 958 3250 scribendi
974 3185 1149 3250 desciscere
1166 3187 1324 3267 putemus.

372 3309 511 3375 Multum
544 3311 645 3396 igitur
679 3314 711 3374 et
745 3310 845 3374 multa
870 3310 907 3373 de
932 3309 1030 3372 satira
1052 3306 1101 3372 VI
1124 3305 1331 3372 luvenaliana

267 3434 351 3499 dicta
385 3437 467 3515 sunt,
502 3457 573 3519 quae
607 3435 669 3498 nisi
692 3435 802 3518 paucis
826 3455 888 3498 non
912 3433 1114 3516 complectar,
1138 3455 1178 3496 ne
1202 3431 1327 3517 singula

265 3581 460 3643 persequens
483 3559 600 3623 multus
624 3560 694 3624 sim.

371 3683 515 3747 Primum
547 3684 652 3748 locum
686 3705 725 3748 ea
759 3682 932 3767 disputatio
962 3683 1060 3759 tenet,
1084 3703 1180 3765 quam
1203 3680 1329 3764 scripsit

266 3807 462 3872 Ribbeckius
486 3812 519 3872 et
542 3808 582 3872 ad
606 3830 678 3872 eum
700 3808 819 3872 librum
835 3807 957 3886 adfixit,
975 3807 1013 3870 de
1030 3827 1092 3889 quo
1108 3827 1204 3889 supra
1220 3803 1329 3888 saepis·

266 3933 345 3996 sime
379 3932 479 3996 locuti
513 3954 630 3996 sumus.
676 3929 715 3996 In
749 3954 811 4016 quo
844 3931 954 3996 libello
983 3929 1023 3994 R.
1052 3934 1163 3994 contra
1186 3951 1238 3994 eos
1261 3949 1327 3992 sese

265 4058 432 4138 convertit,
456 4057 511 4142 qui
527 4057 694 4121 materiam
710 4057 846 4122 eandem
860 4057 1079 4120 tractaverunt
1092 4054 1327 4137 sententiasque
