2854 4828
691 385 864 448 ,88-

241 567 327 628 recte
352 563 515 640 dicuntur3
540 563 604 626 iam
625 584 701 627 vero
726 563 930 626 difficultates
954 563 1124 645 apparent;
1146 583 1223 626 nam
1238 564 1311 644 post

243 712 314 754 eum
338 711 474 767 versum,
499 689 554 774 qui
578 694 626 752 est

348 856 429 914 haud
451 858 552 913 tamen
574 855 705 914 inrideas
730 855 801 924 vati,
827 874 916 930 quern
937 855 1056 931 pulpita
1080 857 1210 930 pascunt

221 1014 340 1094 ¹negat
373 1031 464 1093 posse
499 1008 655 1095 intellegi,
692 1021 748 1072 cur
776 1010 844 1073 vati
873 1011 1016 1074 invidere
1039 1031 1103 1074 non
1126 1007 1310 1088 debeamus,

242 1135 305 1198 nisi
329 1135 482 1198 accedant
504 1135 612 1218 plures
636 1156 756 1214 versus,
781 1135 897 1218 quibus
920 1135 979 1198 hoc
1004 1135 1193 1217 explicetur.
1241 1133 1327 1227 Hoc·

244 1281 281 1323 eo
304 1259 512 1324 confidentius
535 1282 666 1344 poscere
689 1282 780 1343 posse
805 1260 867 1325 sibi
889 1260 1025 1338 videtur,
1055 1261 1140 1344 quod
1164 1262 1310 1324 anteces-

246 1385 323 1448 serit
346 1408 455 1449 versus
479 1387 533 1449 ille

301 1618 302 1626 ἵ
349 1559 356 1576 ¹
406 1535 486 1609 quod
509 1553 568 1593 non
592 1535 664 1594 dant
686 1553 822 1611 proceres
847 1537 918 1624 cet..

248 1710 343 1772 quem
367 1689 412 1752 ait
435 1689 703 1772 comple-mentum
725 1688 905 1753 necessario
929 1690 1121 1753 desiderare.

350 1813 423 1877 Huc
458 1815 608 1877 accedere
643 1815 847 1893 demonstrat,
884 1814 967 1897 quod
1000 1815 1109 1893 verbo,
1143 1815 1230 1897 quod
1264 1817 1313 1877 111

244 1937 397 2017 invideas,
433 1939 496 2007 alia
529 1960 666 2022 persona
702 1942 797 2022 atque
820 1961 880 2023 11,
914 1940 952 2002 de
984 1961 1047 2022 qua
1069 1963 1099 2002 v.
1125 1939 1167 2002 94
1192 1939 1310 2022 agitur,

244 2062 453 2146 significetur.
501 2063 562 2126 His
598 2063 709 2154 ductus
728 2064 847 2127 causis
882 2065 928 2126 ita
959 2063 1139 2147 transponit
1169 2063 1313 2126 ordinem

245 2209 396 2251 versuum
420 2189 560 2265 74-78,
585 2189 674 2251 utin
701 2189 838 2252 editione
862 2189 930 2252 eius
952 2191 1026 2271 post
1049 2210 1078 2252 v.
1093 2191 1135 2252 93
1151 2187 1309 2272 legantur.

351 2311 532 2378 Similitudo
567 2314 713 2396 denique,
745 2335 815 2396 quae
840 2317 889 2377 est
911 2313 1151 2396 intorpescunt
1174 2311 1216 2394 (v.
1243 2311 1309 2394 93),

238 2439 431 2520 poscendum
466 2438 508 2520 (v.
544 2437 610 2520 76),
645 2440 793 2501 intestina
823 2437 866 2520 (v.
896 2437 951 2521 78)
975 2460 1047 2501 eum
1070 2437 1235 2521 impulisse
1258 2437 1309 2501 vi-

246 2563 337 2626 detur
371 2564 412 2626 ad
440 2563 497 2628 hos
526 2585 636 2628 versus
660 2563 692 2626 in
716 2585 815 2626 unum
836 2563 943 2626 locum
966 2563 1194 2647 congerendos
1240 2561 1312 2626 Hoc

244 2709 307 2754 uno
329 2687 399 2751 loco
424 2692 556 2770 excepto
580 2688 694 2751 ceteris
711 2688 855 2751 omuibus
871 2687 965 2751 111111
982 2687 1089 2750 satirae
1106 2687 1219 2750 seriem
1237 2709 1311 2750 ver-

244 2833 336 2875 suum
360 2813 405 2874 ita
421 2813 548 2890 retinet,
573 2815 608 2875 ut
630 2813 664 2875 in
688 2813 848 2877 codicibus
866 2784 1120 2895 editionibusque
1135 2810 1314 2878 invenitur.

353 2935 414 3000 Sed
449 2959 642 3020 quamquam
676 2938 837 3001 moderate
868 2938 945 3022 egit,
970 2959 1042 3000 cum
1065 2939 1184 3019 praeter
1207 2937 1314 3019 opini-

246 3084 340 3126 onem
374 3084 473 3125 unum
506 3065 632 3125 tentum
666 3062 771 3126 locum
807 3063 975 3126 emendare
1010 3064 1175 3140 statueret,
1205 3061 1314 3125 facere

246 3208 310 3249 non
344 3207 521 3269 possumus,
558 3185 635 3270 quin
664 3185 746 3249 hanc
775 3209 900 3269 quoque
925 3186 1178 3250 emendationem
1201 3207 1315 3270 super-

245 3333 419 3375 vacaneam
455 3333 522 3374 esse
553 3314 701 3394 putemus
731 3311 893 3394 multoque
917 3311 1030 3374 melius
1055 3332 1128 3374 eum
1151 3310 1314 3374 facturum

246 3408 355 3514 fuisse,
393 3436 419 3498 si
454 3458 525 3499 eam
560 3436 733 3513 omisisset;
770 3436 984 3500 confitendum
1014 3438 1062 3498 est
1092 3435 1186 3514 enim,
1211 3436 1239 3498 si
1261 3437 1313 3498 in-

247 3563 394 3643 corrupte
419 3564 513 3643 atque
537 3561 662 3645 integre
685 3560 826 3624 iudicare
849 3561 1005 3639 volumus,
1030 3583 1222 3639 111111111,
1240 3582 1310 3643 quae

248 3707 267 3748 a
300 3683 479 3749 Ribbeckio
513 3685 618 3749 allatae
653 3687 736 3763 sunt,
759 3708 823 3751 non
846 3686 922 3750 11111
946 3686 1067 3750 validas
1093 3707 1160 3749 esse
1185 3687 1226 3748 ad
1248 3706 1312 3763 eos,

247 3809 303 3894 qui
325 3810 447 3895 legunt,
472 3812 725 3890 commovendos
749 3832 823 3874 cum
845 3833 963 3895 magna
987 3833 1026 3874 ex
1041 3812 1133 3894 parte
1146 3810 1230 3874 fictae
1243 3831 1310 3873 esse

247 3934 425 4028 rideantur,
460 3957 500 3998 ne
535 3935 602 3999 sola
636 3936 734 3999 111111
768 3936 905 4019 septima
933 3935 1180 4019 reprehensione
1211 3935 1314 3998 libera

249 4059 409 4125 evaderet.
