2916 4834
719 424 893 486 *30-

510 581 516 594 ⁹
541 606 593 664 sed
615 624 684 664 mox
706 607 769 665 haec
792 625 884 682 regna
907 606 1049 682 relinquit

543 715 755 788 permutatque
779 711 880 772 domos
904 716 960 771 cet.

278 862 350 930 lam
385 867 413 930 si
446 867 486 930 ad
509 868 568 931 sat.
592 863 643 929 III
665 867 849 945 redibimus,
872 867 958 930 idem
980 869 1134 931 occurret.
1180 864 1343 930 Particula

276 1013 346 1076 erpo
379 991 550 1056 adhibetur
573 992 612 1055 de
636 991 675 1054 iis
699 991 854 1074 exemplis
877 987 995 1055 artium
1018 991 1246 1066 Graeculorum,
1270 1011 1339 1074 quae

275 1118 372 1200 poeta
395 1137 492 1199 supra
515 1116 634 1196 attulit,
657 1120 766 1180 tamen
788 1117 905 1180 transit
921 1116 961 1180 ad
977 1116 1039 1180 alia
1051 1115 1339 1180 commemoranda:

652 1283 759 1341 melior
782 1283 834 1357 qui
856 1301 972 1357 semper
995 1284 1026 1340 et
1048 1282 1129 1341 omni

436 1391 521 1448 nocte
545 1388 651 1464 dieque
673 1393 774 1464 potest
797 1393 852 1448 cet.

276 1541 378 1618 Quid?
401 1544 429 1608 si
451 1547 510 1607 sat.
535 1542 576 1607 V.
601 1543 642 1606 97
661 1543 797 1606 alterum
812 1542 907 1606 huius
923 1543 1026 1606 simile
1044 1543 1226 1627 exemplum
1243 1543 1340 1606 etiem

274 1669 308 1732 in
332 1669 470 1732 editione
493 1667 665 1732 Ribbeckii
687 1667 842 1732 habemus

488 1815 611 1874 instruit
634 1834 705 1890 ergo
728 1815 829 1874 focum
851 1815 1015 1890 provincia,

275 1953 303 2016 si
326 1955 386 2017 sat.
410 1949 467 2016 VI.
493 1952 556 2016 532
580 1951 718 2037 legimus

488 2119 559 2177 ergo
582 2101 629 2158 hic
651 2100 836 2175 praeoipuum
859 2117 1067 2174 summumque
1091 2102 1159 2169 cet,

274 2259 377 2302 noune
401 2241 461 2301 sat.
485 2234 545 2301 HI.
571 2237 633 2301 104
658 2259 676 2300 a
700 2237 925 2300 consuetudine
949 2232 1110 2300 Iuvenalis
1132 2257 1197 2300 non
1220 2236 1339 2299 discre-

274 2383 352 2446 pare
375 2362 443 2425 iure
467 2364 607 2424 statuere
631 2361 795 2425 videmur?

381 2483 541 2569 Sequitur,
566 2488 601 2548 ut
625 2486 663 2548 de
686 2508 716 2549 v.
742 2485 806 2550 113
829 2507 932 2569 pauca
954 2485 1132 2568 loquamur.
1179 2484 1258 2549 Eius
1282 2505 1339 2570 ge-

274 2611 360 2675 neris
391 2609 557 2674 sententiae
589 2609 799 2693 explicativae,
828 2632 906 2693 quas
929 2611 1053 2688 vocant,
1076 2609 1260 2693 frequentes
1285 2609 1341 2672 ad·

273 2735 402 2800 modum
432 2737 506 2798 sunt
529 2734 613 2817 apud
636 2731 835 2812 Iuvenalem3
865 2734 1076 2826 perpetuitati
1099 2734 1249 2798 orationis
1272 2733 1340 2797 offi-

275 2882 347 2924 cere
369 2859 457 2922 nullo
479 2859 572 2923 modo
595 2859 658 2922 dici
680 2861 822 2942 possunt.
868 2855 931 2922 Sed
953 2882 983 2923 v.
1010 2859 1073 2922 113
1097 2858 1283 2924 retinendus
1299 2856 1341 2920 sit
1436 2937 1437 2940 Ἴ

274 3006 384 3064 necne,
416 3006 433 3048 c
456 2983 562 3067 priore
585 3005 616 3048 v.
641 2984 704 3046 112
727 2984 856 3066 pendet.
902 2981 988 3046 Nam
1010 2983 1057 3047 ibi
1080 2983 1108 3046 si
1131 2985 1235 3046 aviam
1257 2982 1340 3066 legi·

273 3131 354 3188 mus,
388 3130 420 3173 v.
456 3108 520 3171 113
550 3129 678 3190 prorsus
701 3129 954 3191 supervacaneus
978 3109 1036 3186 est,
1060 3128 1130 3170 cum
1155 3128 1259 3190 neque
1284 3128 1341 3170 ex·

273 3234 382 3318 plicet,
406 3254 462 3296 cur
486 3232 557 3296 avia
571 3231 717 3311 violetur,
734 3235 830 3315 atque
845 3253 953 3315 perse
969 3231 1120 3295 molestus
1136 3231 1188 3296 sit.
1223 3228 1339 3314 Neque

274 3358 360 3422 enim
395 3355 533 3421 Graeculi
567 3358 702 3419 matrem
736 3356 885 3435 familias,
920 3355 1030 3435 filiam,
1065 3355 1168 3418 filium
1197 3355 1238 3419 ob
1268 3375 1342 3418 eam

275 3503 404 3546 causam
427 3480 577 3564 pellicere
602 3483 765 3559 conantur,
793 3483 830 3544 ut
852 3483 975 3544 secreta
999 3481 1108 3544 domus
1132 3479 1342 3561 comperiant,

273 3607 329 3670 sed
363 3607 494 3688 propter
527 3604 694 3668 libidinem
728 3604 837 3684 solam,
873 3605 957 3687 quod
991 3626 1009 3667 e
1042 3625 1137 3668 versu
1168 3604 1232 3668 109
1261 3603 1341 3666 satis

273 3729 483 3814 intellegitur.
515 3727 622 3804 ,Cum
658 3750 734 3793 vero
771 3728 915 3793 nonnulli
952 3750 1011 3811 pro
1048 3730 1152 3792 aviam
1186 3704 1368 3811 legissent'

273 3855 390 3935 aulam,
414 3875 445 3916 v.
471 3852 534 3917 113
558 3852 684 3915 additus
709 3855 767 3932 est,
791 3857 827 3916 ut
850 3852 1036 3935 explicaret,
1060 3852 1138 3934 quid
1160 3851 1222 3915 sibi
1242 3850 1344 3915 vellet
1436 3917 1437 3932 ἶ

272 3978 352 4043 iHud
387 3961 495 4040 aulam
526 3976 723 4060 resupinare.
775 3975 819 4040 At
854 3999 892 4041 ea
921 3975 1057 4041 lectione
1081 3978 1214 4058 accepta
1237 3996 1343 4059 quan·

272 4107 382 4191 tepere
417 4101 586 4165 flaccescet
620 4100 730 4180 oratio,
762 4100 832 4184 quis
855 4124 919 4165 non
941 4100 1049 4166 ridet?
1094 4099 1148 4163 An
1170 4099 1241 4164 haec
1266 4121 1344 4186 ger·

1245 4257 1255 4363 l.

1224 4421 1242 4469 l
