2916 4834
159 1589 265 1720 Oum
296 1656 336 1720 ad
367 1657 480 1720 satiras
504 1654 664 1722 Iuvenalis
687 1657 896 1721 recensendas
920 1657 1093 1742 aggredior
1110 1655 1134 1740 ¹)
1156 1658 1224 1742 pri-

158 1803 249 1844 mum
283 1781 424 1844 omnium
453 1783 667 1846 necessarium
696 1781 822 1846 videtur
845 1781 997 1864 profiteri,
1022 1782 1098 1865 quid
1122 1782 1160 1846 de
1183 1783 1223 1846 iis

161 1906 289 1970 omnino
318 1906 465 1971 iudicem.
511 1906 599 1971 Duas
634 1907 717 1971 enim
740 1907 824 1970 inter
847 1929 880 1971 se
905 1907 1130 1971 dissimillimas
1154 1929 1222 1972 esse

160 2030 336 2094 sententias
359 2030 519 2094 neminem
542 2031 636 2116 fugit,
666 2031 721 2115 qui
743 2029 928 2096 iuvenalem
950 2032 1046 2116 paulo
1070 2032 1222 2096 attentius

158 2153 287 2238 legerit.

266 2278 408 2355 Quarum
442 2257 544 2344 altera¹
575 2302 684 2344 eorum
715 2283 772 2360 est,
796 2281 851 2364 qui
875 2303 983 2358 omnes
1006 2278 1085 2346 XVI
1108 2281 1222 2345 satiras

160 2405 200 2468 ab
234 2405 346 2468 eodem
377 2407 473 2489 poeta
496 2405 685 2489 compositas
709 2427 776 2469 esse
799 2408 927 2488 putant3
953 2406 1118 2470 altera-
1142 2428 1223 2471 nova

158 2550 235 2592 sane
258 2550 318 2593 neo
341 2530 419 2592 satis
441 2529 541 2593 firmis
565 2529 761 2614 argumentis
784 2529 866 2594 fulta
883 2566 923 2574 —
942 2551 1060 2609 eorum,
1078 2530 1223 2614 quicum

158 2652 383 2736 Ribbeck102)
419 2654 529 2718 decem
558 2655 775 2718 tantummodo
799 2655 913 2718 satiras
937 2677 956 2717 a
979 2651 1140 2734 iuvenale,
1165 2677 1221 2719 sex

157 2780 281 2842 ceteras
314 2780 354 2843 ab
385 2779 448 2842 alio
478 2784 509 2842 et
532 2779 660 2862 quidem
682 2779 767 2843 tardi
789 2779 913 2865 ingenii
935 2779 1062 2845 homine
1086 2781 1221 2865 scriptas

158 2902 363 2967 contendunt.
410 2901 608 2987 Quamquam
637 2903 723 2968 haud
750 2905 815 2969 scio
839 2927 880 2968 an
902 2905 1072 2969 veritatem
1094 2905 1219 2986 ladam,

158 3047 231 3090 oum
261 3027 366 3092 dicam
395 3027 433 3091 de
457 3028 506 3108 iis,
531 3029 586 3112 qui
609 3027 787 3094 Ribbeckio
811 3030 1034 3109 assentiantur,
1057 3033 1222 3113 tamquam

156 3151 250 3271 multi
285 3151 358 3215 sint.
412 3151 543 3216 Constat
576 3154 681 3236 potius
715 3137 939 3234 Ribbeekium,
969 3175 1041 3218 cum
1067 3139 1129 3218 non
1153 3153 1220 3218 sine

267 3326 287 3395 ¹)
315 3328 356 3384 De
385 3329 462 3383 codd.
492 3329 539 3384 Ms
566 3329 699 3385 disserere
726 3329 815 3395 omisi,
843 3330 874 3384 id
897 3331 970 3399 quod
989 3347 1020 3386 eo
1038 3330 1143 3386 maiore
1161 3330 1221 3386 iure

155 3434 237 3486 posse
263 3416 334 3471 mihi
361 3417 465 3484 videor,
495 3419 569 3486 quod
596 3421 658 3473 tota
683 3419 735 3472 illa
753 3418 871 3487 quaestio
889 3436 944 3474 non
963 3419 1088 3489 proxime
1107 3437 1167 3473 cum
1188 3437 1221 3474 ea

155 3505 284 3570 cohaeret,
313 3523 397 3574 quam
424 3507 477 3562 hoc
502 3507 600 3562 libello
624 3510 747 3563 tractare
765 3508 835 3562 mihi
853 3508 992 3578 proposui.
1031 3509 1146 3563 Constat
1164 3526 1221 3563 non

154 3592 288 3667 exiguum
305 3613 451 3649 numerum
470 3613 528 3650 esse
546 3597 644 3651 horum
664 3596 750 3660 codd.,
771 3614 940 3665 quamquam
958 3597 1081 3651 maxima
1095 3601 1220 3667 exparte

153 3681 320 3751 interpolati
339 3686 412 3738 sunt.
449 3684 567 3738 Collatis
585 3684 659 3740 inter
677 3701 706 3740 se
725 3685 831 3740 duabus
851 3685 994 3750 classibus,
1008 3686 1038 3740 in
1052 3703 1120 3754 quas
1132 3687 1219 3758 vulgo

154 3771 326 3836 dividuntur,
346 3771 421 3828 inter
439 3773 513 3828 viros
532 3773 627 3828 doctor
647 3774 785 3838 convenit,
805 3777 838 3828 ut
856 3791 919 3830 eum
939 3774 1069 3840 codicem,
1085 3775 1133 3843 qui
1146 3793 1220 3830 nunc

154 3859 415 3930 Montepessulanus
442 3865 566 3924 vocatur,
590 3866 776 3931 sequerentur.
801 3881 970 3931 quamquam
988 3881 1044 3919 non
1064 3863 1218 3931 defuerunt,

154 3947 204 4016 qui
223 3949 339 4004 alterius
358 3950 455 4004 classis
474 3951 582 4006 codices
600 3951 724 4006 melioris
743 3954 818 4007 notae
837 3969 896 4006 esse
915 3952 1122 4008 contenderent.

265 4035 285 4106 ⁹)
304 4039 338 4093 V.
365 4038 469 4093 librum
496 4039 563 4105 eine,
587 4039 635 4108 qui
658 4041 716 4094 Der
738 4043 809 4094 echte
826 4043 885 4094 aad
903 4044 952 4094 der
969 4043 1219 4110 oecumenicorum,

153 4126 250 4180 Berlin
270 4125 346 4194 1865,
366 4127 536 4183 inscribitur.

1097 4237 1111 4290 1
