<?xml version="1.0" encoding="UTF-8"?>
<!DOCTYPE html PUBLIC "-//W3C//DTD XHTML 1.0 Transitional//EN"
    "http://www.w3.org/TR/xhtml1/DTD/xhtml1-transitional.dtd">
<html xmlns="http://www.w3.org/1999/xhtml" xml:lang="en" lang="en">
 <head>
  <title>
</title>
<meta http-equiv="Content-Type" content="text/html;charset=utf-8" />
  <meta name='ocr-system' content='tesseract 3.04.00' />
  <meta name='ocr-capabilities' content='ocr_page ocr_carea ocr_par ocr_line ocrx_word'/>
</head>
<body>
  <div class='ocr_page' id='page_1' title='image "./deargumentidisp00grylgoog_0209.png"; bbox 0 0 2930 4836; ppageno 0'>
   <div class='ocr_carea' id='block_1_1' title="bbox 724 422 897 486">
    <p class='ocr_par' dir='ltr' id='par_1_1' title="bbox 724 422 897 486">
     <span class='ocr_line' id='line_1_1' title="bbox 724 422 897 486; baseline -0.012 -18"><span class='ocrx_word' id='word_1_1' title='bbox 724 422 897 486; x_wconf 77' lang='lat'>-90..</span> 
     </span>
    </p>
   </div>
   <div class='ocr_carea' id='block_1_2' title="bbox 278 555 1340 683">
    <p class='ocr_par' dir='ltr' id='par_1_2' title="bbox 278 555 1340 683">
     <span class='ocr_line' id='line_1_2' title="bbox 278 555 1340 683; baseline -0.001 -21"><span class='ocrx_word' id='word_1_2' title='bbox 278 597 456 680; x_wconf 85' lang='lat' dir='ltr'><strong>voluerunt,</strong></span> <span class='ocrx_word' id='word_1_3' title='bbox 492 599 651 663; x_wconf 78' lang='lat' dir='ltr'><strong>refellens,</strong></span> <span class='ocrx_word' id='word_1_4' title='bbox 697 597 898 683; x_wconf 82' lang='lat' dir='ltr'><strong>Argumenta</strong></span> <span class='ocrx_word' id='word_1_5' title='bbox 933 622 950 662; x_wconf 91' lang='lat' dir='ltr'><strong>a</strong></span> <span class='ocrx_word' id='word_1_6' title='bbox 983 597 1128 662; x_wconf 87' lang='lat' dir='ltr'><strong>Bentlcio</strong></span> <span class='ocrx_word' id='word_1_7' title='bbox 1152 555 1250 662; x_wconf 85' lang='lat' dir='ltr'><strong>allata</strong></span> <span class='ocrx_word' id='word_1_8' title='bbox 1273 599 1340 662; x_wconf 85' lang='lat' dir='ltr'><strong>suf-</strong></span> 
     </span>
    </p>
   </div>
   <div class='ocr_carea' id='block_1_3' title="bbox 278 722 399 789">
    <p class='ocr_par' dir='ltr' id='par_1_3' title="bbox 278 722 399 789">
     <span class='ocr_line' id='line_1_3' title="bbox 278 722 399 789; baseline 0.025 -3"><span class='ocrx_word' id='word_1_9' title='bbox 278 722 399 789; x_wconf 88' lang='lat' dir='ltr'><strong>ficiunt.</strong></span> 
     </span>
    </p>
   </div>
   <div class='ocr_carea' id='block_1_4' title="bbox 385 847 1340 932">
    <p class='ocr_par' dir='ltr' id='par_1_4' title="bbox 385 847 1340 932">
     <span class='ocr_line' id='line_1_4' title="bbox 385 847 1340 932; baseline 0.001 -20"><span class='ocrx_word' id='word_1_10' title='bbox 385 847 425 912; x_wconf 87' lang='lat' dir='ltr'><strong>V.</strong></span> <span class='ocrx_word' id='word_1_11' title='bbox 443 850 483 912; x_wconf 82' lang='lat'><strong>62</strong></span> <span class='ocrx_word' id='word_1_12' title='bbox 500 849 626 912; x_wconf 90' lang='lat' dir='ltr'><strong>molesti</strong></span> <span class='ocrx_word' id='word_1_13' title='bbox 642 849 689 911; x_wconf 93' lang='lat' dir='ltr'><strong>illi</strong></span> <span class='ocrx_word' id='word_1_14' title='bbox 705 869 814 912; x_wconf 79' lang='lat' dir='ltr'><strong>versus</strong></span> <span class='ocrx_word' id='word_1_15' title='bbox 831 852 1015 931; x_wconf 88' lang='lat' dir='ltr'><strong>sequuntur,</strong></span> <span class='ocrx_word' id='word_1_16' title='bbox 1033 849 1087 932; x_wconf 92' lang='lat' dir='ltr'><strong>qui</strong></span> <span class='ocrx_word' id='word_1_17' title='bbox 1103 849 1201 912; x_wconf 90' lang='lat' dir='ltr'><strong>finem</strong></span> <span class='ocrx_word' id='word_1_18' title='bbox 1216 853 1340 932; x_wconf 90' lang='lat' dir='ltr'><strong>tempe-</strong></span> 
     </span>
    </p>
   </div>
   <div class='ocr_carea' id='block_1_5' title="bbox 278 965 1447 1058">
    <p class='ocr_par' dir='ltr' id='par_1_5' title="bbox 278 965 1447 1058">
     <span class='ocr_line' id='line_1_5' title="bbox 278 965 1447 1058; baseline 0.002 -24"><span class='ocrx_word' id='word_1_19' title='bbox 278 973 369 1035; x_wconf 89' lang='lat' dir='ltr'><strong>statis</strong></span> <span class='ocrx_word' id='word_1_20' title='bbox 398 973 570 1036; x_wconf 79' lang='lat' dir='ltr'><strong>continent.</strong></span> <span class='ocrx_word' id='word_1_21' title='bbox 618 971 666 1036; x_wconf 87' lang='lat' dir='ltr'><strong>De</strong></span> <span class='ocrx_word' id='word_1_22' title='bbox 702 967 767 1036; x_wconf 88' lang='lat' dir='ltr'><strong>lata</strong></span> <span class='ocrx_word' id='word_1_23' title='bbox 802 973 836 1035; x_wconf 89' lang='lat' dir='ltr'><strong>in</strong></span> <span class='ocrx_word' id='word_1_24' title='bbox 859 973 898 1036; x_wconf 91' lang='lat' dir='ltr'><strong>iis</strong></span> <span class='ocrx_word' id='word_1_25' title='bbox 922 975 1073 1052; x_wconf 77' lang='lat' dir='ltr'><strong>oratione,</strong></span> <span class='ocrx_word' id='word_1_26' title='bbox 1098 975 1137 1036; x_wconf 92' lang='lat' dir='ltr'><strong>de</strong></span> <span class='ocrx_word' id='word_1_27' title='bbox 1157 973 1340 1058; x_wconf 72' lang='lat' dir='ltr'><strong>iterationi·</strong></span> <span class='ocrx_word' id='word_1_28' title='bbox 1446 965 1447 970; x_wconf 30' lang='lat'>¹</span> 
     </span>
    </p>
   </div>
   <div class='ocr_carea' id='block_1_6' title="bbox 280 1097 1339 1181">
    <p class='ocr_par' dir='ltr' id='par_1_6' title="bbox 280 1097 1339 1181">
     <span class='ocr_line' id='line_1_6' title="bbox 280 1097 1339 1181; baseline 0.002 -21"><span class='ocrx_word' id='word_1_29' title='bbox 280 1098 347 1176; x_wconf 76' lang='lat' dir='ltr'><strong>buS,</strong></span> <span class='ocrx_word' id='word_1_30' title='bbox 373 1097 411 1160; x_wconf 92' lang='lat' dir='ltr'><strong>de</strong></span> <span class='ocrx_word' id='word_1_31' title='bbox 435 1098 629 1160; x_wconf 88' lang='lat' dir='ltr'><strong>abundantia</strong></span> <span class='ocrx_word' id='word_1_32' title='bbox 652 1098 804 1164; x_wconf 88' lang='lat' dir='ltr'><strong>sermonis</strong></span> <span class='ocrx_word' id='word_1_33' title='bbox 823 1097 877 1161; x_wconf 79' lang='lat' dir='ltr'><strong>rix</strong></span> <span class='ocrx_word' id='word_1_34' title='bbox 894 1100 951 1175; x_wconf 88' lang='lat' dir='ltr'><strong>est,</strong></span> <span class='ocrx_word' id='word_1_35' title='bbox 969 1099 1050 1181; x_wconf 87' lang='lat' dir='ltr'><strong>qnod</strong></span> <span class='ocrx_word' id='word_1_36' title='bbox 1067 1098 1160 1181; x_wconf 91' lang='lat' dir='ltr'><strong>plura</strong></span> <span class='ocrx_word' id='word_1_37' title='bbox 1177 1099 1339 1163; x_wconf 80' lang='lat' dir='ltr'><strong>addamus,</strong></span> 
     </span>
    </p>
   </div>
   <div class='ocr_carea' id='block_1_7' title="bbox 278 1219 1339 1312">
    <p class='ocr_par' dir='ltr' id='par_1_7' title="bbox 278 1219 1339 1312">
     <span class='ocr_line' id='line_1_7' title="bbox 278 1219 1339 1312; baseline 0.003 -28"><span class='ocrx_word' id='word_1_38' title='bbox 278 1221 382 1284; x_wconf 88' lang='lat' dir='ltr'><strong>Multa</strong></span> <span class='ocrx_word' id='word_1_39' title='bbox 412 1221 485 1312; x_wconf 46' lang='lat' dir='ltr'><strong>&#39;sine</strong></span> <span class='ocrx_word' id='word_1_40' title='bbox 512 1223 606 1286; x_wconf 90' lang='lat' dir='ltr'><strong>dubio</strong></span> <span class='ocrx_word' id='word_1_41' title='bbox 630 1222 776 1304; x_wconf 83' lang='lat' dir='ltr'><strong>exempla</strong></span> <span class='ocrx_word' id='word_1_42' title='bbox 800 1219 1006 1286; x_wconf 83' lang='lat' dir='ltr'><strong>luvenaliana</strong></span> <span class='ocrx_word' id='word_1_43' title='bbox 1029 1222 1244 1300; x_wconf 85' lang='lat' dir='ltr'><strong>inveniuntur,</strong></span> <span class='ocrx_word' id='word_1_44' title='bbox 1268 1245 1339 1306; x_wconf 85' lang='lat' dir='ltr'><strong>quae</strong></span> 
     </span>
    </p>
   </div>
   <div class='ocr_carea' id='block_1_8' title="bbox 279 1339 1448 1429">
    <p class='ocr_par' dir='ltr' id='par_1_8' title="bbox 279 1339 1448 1429">
     <span class='ocr_line' id='line_1_8' title="bbox 279 1339 1448 1429; baseline 0.003 -21"><span class='ocrx_word' id='word_1_45' title='bbox 279 1346 404 1428; x_wconf 89' lang='lat' dir='ltr'><strong>copiam</strong></span> <span class='ocrx_word' id='word_1_46' title='bbox 439 1347 597 1429; x_wconf 90' lang='lat' dir='ltr'><strong>quandam</strong></span> <span class='ocrx_word' id='word_1_47' title='bbox 632 1349 800 1412; x_wconf 80' lang='lat' dir='ltr'><strong>verborum</strong></span> <span class='ocrx_word' id='word_1_48' title='bbox 835 1347 1012 1426; x_wconf 74' lang='lat' dir='ltr'><strong>ostendant,</strong></span> <span class='ocrx_word' id='word_1_49' title='bbox 1044 1339 1080 1410; x_wconf 82' lang='lat' dir='ltr'><strong>ut</strong></span> <span class='ocrx_word' id='word_1_50' title='bbox 1102 1344 1162 1410; x_wconf 91' lang='grc' dir='ltr'><strong>ΙΙΙ.</strong></span> <span class='ocrx_word' id='word_1_51' title='bbox 1188 1349 1239 1427; x_wconf 85' lang='grc'><strong>26,</strong></span> <span class='ocrx_word' id='word_1_52' title='bbox 1263 1345 1339 1412; x_wconf 86' lang='lat' dir='ltr'><strong>Vll.</strong></span> <span class='ocrx_word' id='word_1_53' title='bbox 1447 1387 1448 1412; x_wconf 66' lang='grc'><strong>1</strong></span> 
     </span>
    </p>
   </div>
   <div class='ocr_carea' id='block_1_9' title="bbox 209 1470 1341 1804">
    <p class='ocr_par' dir='ltr' id='par_1_9' title="bbox 209 1470 1341 1804">
     <span class='ocr_line' id='line_1_9' title="bbox 280 1470 1340 1555; baseline 0.003 -22"><span class='ocrx_word' id='word_1_54' title='bbox 280 1473 332 1548; x_wconf 84' lang='grc'><strong>53,</strong></span> <span class='ocrx_word' id='word_1_55' title='bbox 367 1470 423 1534; x_wconf 92' lang='grc' dir='ltr'><strong>ΙΧ.</strong></span> <span class='ocrx_word' id='word_1_56' title='bbox 461 1473 513 1549; x_wconf 88' lang='grc'><strong>28,</strong></span> <span class='ocrx_word' id='word_1_57' title='bbox 549 1471 587 1534; x_wconf 89' lang='grc' dir='ltr'><strong>Χ.</strong></span> <span class='ocrx_word' id='word_1_58' title='bbox 626 1474 700 1548; x_wconf 88' lang='grc'>219,</span> <span class='ocrx_word' id='word_1_59' title='bbox 736 1473 768 1534; x_wconf 91' lang='lat' dir='ltr'><strong>id</strong></span> <span class='ocrx_word' id='word_1_60' title='bbox 792 1494 876 1549; x_wconf 88' lang='lat' dir='ltr'><strong>vero,</strong></span> <span class='ocrx_word' id='word_1_61' title='bbox 902 1473 939 1536; x_wconf 92' lang='lat' dir='ltr'><strong>de</strong></span> <span class='ocrx_word' id='word_1_62' title='bbox 964 1494 1025 1555; x_wconf 90' lang='lat' dir='ltr'><strong>quo</strong></span> <span class='ocrx_word' id='word_1_63' title='bbox 1048 1493 1131 1535; x_wconf 90' lang='lat' dir='ltr'><strong>nunc</strong></span> <span class='ocrx_word' id='word_1_64' title='bbox 1155 1493 1258 1537; x_wconf 89' lang='lat' dir='ltr'><strong>sermo</strong></span> <span class='ocrx_word' id='word_1_65' title='bbox 1281 1478 1340 1552; x_wconf 89' lang='lat' dir='ltr'><strong>est,</strong></span> 
     </span>
     <span class='ocr_line' id='line_1_10' title="bbox 209 1591 1340 1680; baseline 0.003 -22"><span class='ocrx_word' id='word_1_66' title='bbox 209 1648 218 1668; x_wconf 68' lang='grc'>,</span> <span class='ocrx_word' id='word_1_67' title='bbox 278 1596 418 1660; x_wconf 91' lang='lat' dir='ltr'><strong>omnium</strong></span> <span class='ocrx_word' id='word_1_68' title='bbox 441 1597 579 1680; x_wconf 89' lang='lat' dir='ltr'><strong>primum</strong></span> <span class='ocrx_word' id='word_1_69' title='bbox 602 1591 706 1660; x_wconf 90' lang='lat' dir='ltr'><strong>locum</strong></span> <span class='ocrx_word' id='word_1_70' title='bbox 729 1597 823 1660; x_wconf 84' lang='lat' dir='ltr'><strong>facile</strong></span> <span class='ocrx_word' id='word_1_71' title='bbox 846 1600 946 1661; x_wconf 89' lang='lat' dir='ltr'><strong>tenet.</strong></span> <span class='ocrx_word' id='word_1_72' title='bbox 984 1595 1058 1660; x_wconf 91' lang='lat' dir='ltr'><strong>Non</strong></span> <span class='ocrx_word' id='word_1_73' title='bbox 1075 1599 1218 1680; x_wconf 90' lang='lat' dir='ltr'><strong>approbo</strong></span> <span class='ocrx_word' id='word_1_74' title='bbox 1232 1598 1340 1662; x_wconf 89' lang='lat' dir='ltr'><strong>conie-</strong></span> 
     </span>
     <span class='ocr_line' id='line_1_11' title="bbox 279 1718 1341 1804; baseline 0.004 -21"><span class='ocrx_word' id='word_1_75' title='bbox 279 1723 412 1800; x_wconf 86' lang='lat' dir='ltr'><strong>cturam,</strong></span> <span class='ocrx_word' id='word_1_76' title='bbox 437 1742 533 1804; x_wconf 91' lang='lat' dir='ltr'><strong>quam</strong></span> <span class='ocrx_word' id='word_1_77' title='bbox 557 1722 641 1804; x_wconf 90' lang='lat' dir='ltr'><strong>cepit</strong></span> <span class='ocrx_word' id='word_1_78' title='bbox 667 1721 885 1798; x_wconf 80' lang='lat' dir='ltr'><strong>Haeniclreus3</strong></span> <span class='ocrx_word' id='word_1_79' title='bbox 911 1722 977 1785; x_wconf 86' lang='lat' dir='ltr'>dixi</span> <span class='ocrx_word' id='word_1_80' title='bbox 996 1718 1184 1785; x_wconf 80' lang='lat' dir='ltr'><strong>›lu-venalem</strong></span> <span class='ocrx_word' id='word_1_81' title='bbox 1200 1723 1238 1786; x_wconf 90' lang='lat' dir='ltr'><strong>de</strong></span> <span class='ocrx_word' id='word_1_82' title='bbox 1256 1722 1341 1787; x_wconf 85' lang='lat' dir='ltr'><strong>cala·</strong></span> 
     </span>
    </p>
   </div>
   <div class='ocr_carea' id='block_1_10' title="bbox 278 1845 1349 1936">
    <p class='ocr_par' dir='ltr' id='par_1_10' title="bbox 278 1845 1349 1936">
     <span class='ocr_line' id='line_1_12' title="bbox 278 1845 1349 1936; baseline 0.002 -28"><span class='ocrx_word' id='word_1_83' title='bbox 278 1845 389 1909; x_wconf 91' lang='lat' dir='ltr'><strong>mitate</strong></span> <span class='ocrx_word' id='word_1_84' title='bbox 414 1846 508 1908; x_wconf 85' lang='lat' dir='ltr'><strong>amici</strong></span> <span class='ocrx_word' id='word_1_85' title='bbox 531 1846 630 1910; x_wconf 88' lang='lat' dir='ltr'><strong>iocari</strong></span> <span class='ocrx_word' id='word_1_86' title='bbox 652 1868 715 1909; x_wconf 90' lang='lat' dir='ltr'><strong>non</strong></span> <span class='ocrx_word' id='word_1_87' title='bbox 731 1845 893 1929; x_wconf 84' lang='lat' dir='ltr'><strong>potuisse:¹</strong></span> <span class='ocrx_word' id='word_1_88' title='bbox 911 1846 1011 1909; x_wconf 87' lang='lat' dir='ltr'><strong>nihilo</strong></span> <span class='ocrx_word' id='word_1_89' title='bbox 1027 1846 1131 1909; x_wconf 89' lang='lat' dir='ltr'><strong>minus</strong></span> <span class='ocrx_word' id='word_1_90' title='bbox 1149 1848 1265 1911; x_wconf 90' lang='lat' dir='ltr'><strong>mirum</strong></span> <span class='ocrx_word' id='word_1_91' title='bbox 1281 1851 1349 1936; x_wconf 69' lang='lat' dir='ltr'><strong>est,</strong></span> 
     </span>
    </p>
   </div>
   <div class='ocr_carea' id='block_1_11' title="bbox 167 1969 1341 2056">
    <p class='ocr_par' dir='ltr' id='par_1_11' title="bbox 167 1969 1341 2056">
     <span class='ocr_line' id='line_1_13' title="bbox 167 1969 1341 2056; baseline 0.003 -24"><span class='ocrx_word' id='word_1_92' title='bbox 167 1977 171 1983; x_wconf 83' lang='grc'><strong>’</strong></span> <span class='ocrx_word' id='word_1_93' title='bbox 279 1973 329 2033; x_wconf 87' lang='lat' dir='ltr'><strong>tot</strong></span> <span class='ocrx_word' id='word_1_94' title='bbox 359 1969 506 2054; x_wconf 76' lang='lat' dir='ltr'><strong>ineptiaS,</strong></span> <span class='ocrx_word' id='word_1_95' title='bbox 541 1974 588 2034; x_wconf 91' lang='lat' dir='ltr'><strong>tot</strong></span> <span class='ocrx_word' id='word_1_96' title='bbox 620 1971 766 2035; x_wconf 85' lang='lat' dir='ltr'><strong>confusas</strong></span> <span class='ocrx_word' id='word_1_97' title='bbox 790 1993 839 2034; x_wconf 88' lang='lat' dir='ltr'><strong>res</strong></span> <span class='ocrx_word' id='word_1_98' title='bbox 863 1971 896 2035; x_wconf 91' lang='lat' dir='ltr'><strong>in</strong></span> <span class='ocrx_word' id='word_1_99' title='bbox 919 1970 1003 2034; x_wconf 91' lang='lat' dir='ltr'><strong>hunc</strong></span> <span class='ocrx_word' id='word_1_100' title='bbox 1027 1971 1130 2054; x_wconf 91' lang='lat' dir='ltr'><strong>ipsum</strong></span> <span class='ocrx_word' id='word_1_101' title='bbox 1155 1973 1193 2034; x_wconf 90' lang='lat' dir='ltr'><strong>de</strong></span> <span class='ocrx_word' id='word_1_102' title='bbox 1217 1975 1341 2056; x_wconf 85' lang='lat' dir='ltr'><strong>tempe-</strong></span> 
     </span>
    </p>
   </div>
   <div class='ocr_carea' id='block_1_12' title="bbox 279 2095 1342 2186">
    <p class='ocr_par' dir='ltr' id='par_1_12' title="bbox 279 2095 1342 2186">
     <span class='ocr_line' id='line_1_14' title="bbox 279 2095 1342 2186; baseline 0.003 -29"><span class='ocrx_word' id='word_1_103' title='bbox 279 2098 361 2158; x_wconf 88' lang='lat' dir='ltr'><strong>state</strong></span> <span class='ocrx_word' id='word_1_104' title='bbox 396 2095 498 2186; x_wconf 85' lang='lat' dir='ltr'><strong>locum</strong></span> <span class='ocrx_word' id='word_1_105' title='bbox 535 2096 664 2172; x_wconf 88' lang='lat' dir='ltr'><strong>cadere;</strong></span> <span class='ocrx_word' id='word_1_106' title='bbox 700 2117 775 2158; x_wconf 88' lang='lat' dir='ltr'><strong>nam</strong></span> <span class='ocrx_word' id='word_1_107' title='bbox 808 2098 978 2178; x_wconf 86' lang='lat' dir='ltr'><strong>postquam</strong></span> <span class='ocrx_word' id='word_1_108' title='bbox 1012 2098 1107 2178; x_wconf 87' lang='lat' dir='ltr'><strong>poeta</strong></span> <span class='ocrx_word' id='word_1_109' title='bbox 1141 2096 1199 2160; x_wconf 92' lang='lat' dir='ltr'><strong>hos</strong></span> <span class='ocrx_word' id='word_1_110' title='bbox 1231 2119 1342 2160; x_wconf 84' lang='lat' dir='ltr'><strong>versus</strong></span> 
     </span>
    </p>
   </div>
   <div class='ocr_carea' id='block_1_13' title="bbox 179 2219 1341 2316">
    <p class='ocr_par' dir='ltr' id='par_1_13' title="bbox 179 2219 1341 2316">
     <span class='ocr_line' id='line_1_15' title="bbox 179 2219 1341 2316; baseline 0.003 -34"><span class='ocrx_word' id='word_1_111' title='bbox 179 2279 182 2288; x_wconf 54' lang='grc'>,</span> <span class='ocrx_word' id='word_1_112' title='bbox 280 2219 393 2301; x_wconf 84' lang='lat' dir='ltr'><strong>finivit,</strong></span> <span class='ocrx_word' id='word_1_113' title='bbox 417 2221 451 2282; x_wconf 91' lang='lat' dir='ltr'><strong>id</strong></span> <span class='ocrx_word' id='word_1_114' title='bbox 474 2241 574 2316; x_wconf 83' lang='lat' dir='ltr'><strong>genus</strong></span> <span class='ocrx_word' id='word_1_115' title='bbox 599 2220 801 2283; x_wconf 88' lang='lat' dir='ltr'><strong>difficultates</strong></span> <span class='ocrx_word' id='word_1_116' title='bbox 823 2242 883 2284; x_wconf 92' lang='lat' dir='ltr'><strong>non</strong></span> <span class='ocrx_word' id='word_1_117' title='bbox 901 2220 1036 2302; x_wconf 90' lang='lat' dir='ltr'><strong>amplius</strong></span> <span class='ocrx_word' id='word_1_118' title='bbox 1053 2221 1143 2284; x_wconf 91' lang='lat' dir='ltr'><strong>nobis</strong></span> <span class='ocrx_word' id='word_1_119' title='bbox 1160 2225 1341 2286; x_wconf 89' lang='lat' dir='ltr'><strong>occurrunt.</strong></span> 
     </span>
    </p>
   </div>
   <div class='ocr_carea' id='block_1_14' title="bbox 281 2337 1450 2430">
    <p class='ocr_par' dir='ltr' id='par_1_14' title="bbox 281 2337 1450 2430">
     <span class='ocr_line' id='line_1_16' title="bbox 281 2337 1450 2430; baseline 0.003 -24"><span class='ocrx_word' id='word_1_120' title='bbox 281 2342 363 2418; x_wconf 78' lang='lat' dir='ltr'><strong>Quin</strong></span> <span class='ocrx_word' id='word_1_121' title='bbox 398 2345 496 2408; x_wconf 89' lang='lat' dir='ltr'><strong>etiam</strong></span> <span class='ocrx_word' id='word_1_122' title='bbox 529 2348 602 2429; x_wconf 85' lang='lat' dir='ltr'><strong>post</strong></span> <span class='ocrx_word' id='word_1_123' title='bbox 635 2368 686 2412; x_wconf 88' lang='grc'><strong>11.</strong></span> <span class='ocrx_word' id='word_1_124' title='bbox 723 2345 862 2423; x_wconf 85' lang='grc'>62-67,</span> <span class='ocrx_word' id='word_1_125' title='bbox 899 2345 1069 2430; x_wconf 87' lang='lat' dir='ltr'><strong>inquibus</strong></span> <span class='ocrx_word' id='word_1_126' title='bbox 1093 2342 1252 2410; x_wconf 85' lang='lat' dir='ltr'><strong>luvenalis</strong></span> <span class='ocrx_word' id='word_1_127' title='bbox 1275 2347 1340 2409; x_wconf 83' lang='lat' dir='ltr'><strong>rim</strong></span> <span class='ocrx_word' id='word_1_128' title='bbox 1449 2337 1450 2340; x_wconf 22' lang='lat'>¹</span> 
     </span>
    </p>
   </div>
   <div class='ocr_carea' id='block_1_15' title="bbox 208 2471 1345 4066">
    <p class='ocr_par' dir='ltr' id='par_1_15' title="bbox 208 2471 1342 3429">
     <span class='ocr_line' id='line_1_17' title="bbox 280 2471 1342 2554; baseline 0 -20"><span class='ocrx_word' id='word_1_129' title='bbox 280 2474 446 2534; x_wconf 86' lang='lat' dir='ltr'><strong>ventorum</strong></span> <span class='ocrx_word' id='word_1_130' title='bbox 470 2472 632 2535; x_wconf 83' lang='lat' dir='ltr'><strong>remittere</strong></span> <span class='ocrx_word' id='word_1_131' title='bbox 657 2493 752 2554; x_wconf 84' lang='lat' dir='ltr'><strong>quam</strong></span> <span class='ocrx_word' id='word_1_132' title='bbox 777 2471 976 2554; x_wconf 82' lang='lat' dir='ltr'><strong>apertissime</strong></span> <span class='ocrx_word' id='word_1_133' title='bbox 1001 2472 1100 2548; x_wconf 88' lang='lat' dir='ltr'><strong>docet,</strong></span> <span class='ocrx_word' id='word_1_134' title='bbox 1126 2493 1234 2534; x_wconf 90' lang='lat' dir='ltr'><strong>rursus</strong></span> <span class='ocrx_word' id='word_1_135' title='bbox 1257 2494 1342 2536; x_wconf 88' lang='lat' dir='ltr'><strong>nova</strong></span> 
     </span>
     <span class='ocr_line' id='line_1_18' title="bbox 280 2595 1341 2678; baseline 0 -20"><span class='ocrx_word' id='word_1_136' title='bbox 280 2595 450 2677; x_wconf 82' lang='lat' dir='ltr'><strong>explicatio</strong></span> <span class='ocrx_word' id='word_1_137' title='bbox 479 2596 583 2660; x_wconf 84' lang='lat' dir='ltr'><strong>venit:</strong></span> <span class='ocrx_word' id='word_1_138' title='bbox 619 2597 682 2658; x_wconf 92' lang='lat' dir='ltr'><strong>iam</strong></span> <span class='ocrx_word' id='word_1_139' title='bbox 708 2595 928 2658; x_wconf 88' lang='lat' dir='ltr'><strong>deficientibus</strong></span> <span class='ocrx_word' id='word_1_140' title='bbox 952 2596 1067 2658; x_wconf 89' lang='lat' dir='ltr'><strong>austris</strong></span> <span class='ocrx_word' id='word_1_141' title='bbox 1091 2602 1133 2672; x_wconf 85' lang='grc'><strong>(1.</strong></span> <span class='ocrx_word' id='word_1_142' title='bbox 1159 2596 1226 2678; x_wconf 89' lang='grc'>69),</span> <span class='ocrx_word' id='word_1_143' title='bbox 1251 2599 1341 2659; x_wconf 89' lang='lat' dir='ltr'><strong>aute-</strong></span> 
     </span>
     <span class='ocr_line' id='line_1_19' title="bbox 280 2720 1342 2803; baseline 0.002 -21"><span class='ocrx_word' id='word_1_144' title='bbox 280 2741 376 2802; x_wconf 89' lang='lat' dir='ltr'><strong>quam</strong></span> <span class='ocrx_word' id='word_1_145' title='bbox 400 2721 439 2784; x_wconf 89' lang='lat' dir='ltr'><strong>ad</strong></span> <span class='ocrx_word' id='word_1_146' title='bbox 456 2720 634 2783; x_wconf 89' lang='lat' dir='ltr'><strong>desiderata</strong></span> <span class='ocrx_word' id='word_1_147' title='bbox 649 2720 705 2784; x_wconf 92' lang='lat' dir='ltr'><strong>illa</strong></span> <span class='ocrx_word' id='word_1_148' title='bbox 721 2721 818 2783; x_wconf 87' lang='lat' dir='ltr'><strong>verba</strong></span> <span class='ocrx_word' id='word_1_149' title='bbox 834 2721 1071 2803; x_wconf 86' lang='lat' dir='ltr'><strong>perveniamus:</strong></span> <span class='ocrx_word' id='word_1_150' title='bbox 1096 2721 1226 2784; x_wconf 86' lang='lat' dir='ltr'><strong>tandem</strong></span> <span class='ocrx_word' id='word_1_151' title='bbox 1242 2721 1342 2784; x_wconf 87' lang='lat' dir='ltr'><strong>intrat</strong></span> 
     </span>
     <span class='ocr_line' id='line_1_20' title="bbox 279 2843 1341 2929; baseline 0.001 -22"><span class='ocrx_word' id='word_1_152' title='bbox 279 2844 400 2926; x_wconf 87' lang='lat' dir='ltr'><strong>positas</strong></span> <span class='ocrx_word' id='word_1_153' title='bbox 425 2847 484 2907; x_wconf 88' lang='lat' dir='ltr'><strong>cet.</strong></span> <span class='ocrx_word' id='word_1_154' title='bbox 509 2844 551 2925; x_wconf 87' lang='lat' dir='ltr'><strong>(v.</strong></span> <span class='ocrx_word' id='word_1_155' title='bbox 578 2844 642 2926; x_wconf 86' lang='lat'>75).</span> <span class='ocrx_word' id='word_1_156' title='bbox 683 2843 844 2908; x_wconf 82' lang='lat' dir='ltr'><strong>Praeterea</strong></span> <span class='ocrx_word' id='word_1_157' title='bbox 867 2867 929 2908; x_wconf 91' lang='lat' dir='ltr'><strong>non</strong></span> <span class='ocrx_word' id='word_1_158' title='bbox 954 2847 1034 2910; x_wconf 89' lang='lat' dir='ltr'><strong>bene</strong></span> <span class='ocrx_word' id='word_1_159' title='bbox 1055 2845 1160 2929; x_wconf 89' lang='lat' dir='ltr'><strong>posita</strong></span> <span class='ocrx_word' id='word_1_160' title='bbox 1176 2848 1224 2908; x_wconf 88' lang='lat' dir='ltr'><strong>est</strong></span> <span class='ocrx_word' id='word_1_161' title='bbox 1239 2846 1341 2928; x_wconf 89' lang='lat' dir='ltr'><strong>parti-</strong></span> 
     </span>
     <span class='ocr_line' id='line_1_21' title="bbox 280 2969 1341 3054; baseline 0 -22"><span class='ocrx_word' id='word_1_162' title='bbox 280 2969 352 3032; x_wconf 89' lang='lat' dir='ltr'><strong>cula</strong></span> <span class='ocrx_word' id='word_1_163' title='bbox 388 2974 483 3052; x_wconf 88' lang='lat' dir='ltr'><strong>atque</strong></span> <span class='ocrx_word' id='word_1_164' title='bbox 519 2969 561 3048; x_wconf 87' lang='lat' dir='ltr'><strong>(v.</strong></span> <span class='ocrx_word' id='word_1_165' title='bbox 599 2970 655 3050; x_wconf 83' lang='grc'><strong>71)</strong></span> <span class='ocrx_word' id='word_1_166' title='bbox 689 2970 774 3032; x_wconf 90' lang='lat' dir='ltr'><strong>inter</strong></span> <span class='ocrx_word' id='word_1_167' title='bbox 808 2970 965 3033; x_wconf 83' lang='lat' dir='ltr'><strong>adiectiva</strong></span> <span class='ocrx_word' id='word_1_168' title='bbox 995 2973 1106 3054; x_wconf 87' lang='lat' dir='ltr'><strong>gratus</strong></span> <span class='ocrx_word' id='word_1_169' title='bbox 1131 2975 1162 3032; x_wconf 90' lang='lat' dir='ltr'><strong>et</strong></span> <span class='ocrx_word' id='word_1_170' title='bbox 1185 2969 1341 3048; x_wconf 65' lang='lat' dir='ltr'><strong>sublimia</strong></span> 
     </span>
     <span class='ocr_line' id='line_1_22' title="bbox 280 3073 1341 3180; baseline -0.001 -21"><span class='ocrx_word' id='word_1_171' title='bbox 280 3097 367 3180; x_wconf 90' lang='lat' dir='ltr'><strong>quod&#39;</strong></span> <span class='ocrx_word' id='word_1_172' title='bbox 386 3093 542 3158; x_wconf 89' lang='lat' dir='ltr'><strong>Weidner</strong></span> <span class='ocrx_word' id='word_1_173' title='bbox 565 3094 734 3159; x_wconf 84' lang='lat' dir='ltr'><strong>defendere</strong></span> <span class='ocrx_word' id='word_1_174' title='bbox 758 3098 900 3172; x_wconf 89' lang='lat' dir='ltr'><strong>conatur,</strong></span> <span class='ocrx_word' id='word_1_175' title='bbox 926 3093 1127 3158; x_wconf 87' lang='lat' dir='ltr'><strong>Haenickeus</strong></span> <span class='ocrx_word' id='word_1_176' title='bbox 1144 3073 1341 3180; x_wconf 83' lang='lat' dir='ltr'><strong>oppugnare,</strong></span> 
     </span>
     <span class='ocr_line' id='line_1_23' title="bbox 262 3209 1339 3299; baseline 0.003 -16"><span class='ocrx_word' id='word_1_177' title='bbox 262 3209 343 3284; x_wconf 39' lang='lat' dir='ltr'><strong>&#39;non</strong></span> <span class='ocrx_word' id='word_1_178' title='bbox 378 3221 445 3286; x_wconf 86' lang='lat' dir='ltr'><strong>sinc</strong></span> <span class='ocrx_word' id='word_1_179' title='bbox 481 3221 560 3299; x_wconf 90' lang='lat' dir='ltr'><strong>iure,</strong></span> <span class='ocrx_word' id='word_1_180' title='bbox 596 3223 631 3284; x_wconf 89' lang='lat' dir='ltr'><strong>ut</strong></span> <span class='ocrx_word' id='word_1_181' title='bbox 665 3219 744 3282; x_wconf 91' lang='lat' dir='ltr'><strong>mihi</strong></span> <span class='ocrx_word' id='word_1_182' title='bbox 768 3219 903 3298; x_wconf 83' lang='lat' dir='ltr'><strong>videtur,</strong></span> <span class='ocrx_word' id='word_1_183' title='bbox 928 3220 990 3282; x_wconf 90' lang='lat' dir='ltr'><strong>nisi</strong></span> <span class='ocrx_word' id='word_1_184' title='bbox 1012 3220 1093 3284; x_wconf 88' lang='lat' dir='ltr'><strong>forte</strong></span> <span class='ocrx_word' id='word_1_185' title='bbox 1117 3223 1219 3284; x_wconf 90' lang='lat' dir='ltr'><strong>totum</strong></span> <span class='ocrx_word' id='word_1_186' title='bbox 1243 3242 1272 3284; x_wconf 88' lang='grc'><strong>1.</strong></span> <span class='ocrx_word' id='word_1_187' title='bbox 1298 3222 1339 3286; x_wconf 84' lang='grc'><strong>71</strong></span> 
     </span>
     <span class='ocr_line' id='line_1_24' title="bbox 208 3333 950 3429; baseline 0 -21"><span class='ocrx_word' id='word_1_188' title='bbox 208 3333 211 3338; x_wconf 53' lang='grc'><strong>’</strong></span> <span class='ocrx_word' id='word_1_189' title='bbox 280 3347 371 3429; x_wconf 87' lang='lat' dir='ltr'><strong>quasi</strong></span> <span class='ocrx_word' id='word_1_190' title='bbox 395 3347 427 3409; x_wconf 92' lang='lat' dir='ltr'><strong>in</strong></span> <span class='ocrx_word' id='word_1_191' title='bbox 450 3345 635 3429; x_wconf 87' lang='lat' dir='ltr'><strong>parenthesi</strong></span> <span class='ocrx_word' id='word_1_192' title='bbox 658 3345 821 3409; x_wconf 84' lang='lat' dir='ltr'><strong>includere</strong></span> <span class='ocrx_word' id='word_1_193' title='bbox 844 3345 950 3408; x_wconf 86' lang='lat' dir='ltr'><strong>liceat.</strong></span> 
     </span>
    </p>

    <p class='ocr_par' dir='ltr' id='par_1_16' title="bbox 281 3470 1344 3936">
     <span class='ocr_line' id='line_1_25' title="bbox 386 3470 1343 3555; baseline -0.002 -19"><span class='ocrx_word' id='word_1_194' title='bbox 386 3470 427 3536; x_wconf 88' lang='lat' dir='ltr'><strong>V.</strong></span> <span class='ocrx_word' id='word_1_195' title='bbox 464 3473 505 3536; x_wconf 82' lang='lat'><strong>83</strong></span> <span class='ocrx_word' id='word_1_196' title='bbox 539 3474 634 3554; x_wconf 89' lang='lat' dir='ltr'><strong>poeta</strong></span> <span class='ocrx_word' id='word_1_197' title='bbox 668 3471 771 3555; x_wconf 83' lang='lat' dir='ltr'><strong>igitur</strong></span> <span class='ocrx_word' id='word_1_198' title='bbox 803 3472 842 3533; x_wconf 91' lang='lat' dir='ltr'><strong>ad</strong></span> <span class='ocrx_word' id='word_1_199' title='bbox 878 3493 916 3534; x_wconf 90' lang='lat' dir='ltr'><strong>ea</strong></span> <span class='ocrx_word' id='word_1_200' title='bbox 947 3471 1039 3550; x_wconf 90' lang='lat' dir='ltr'><strong>redit,</strong></span> <span class='ocrx_word' id='word_1_201' title='bbox 1065 3483 1197 3553; x_wconf 74' lang='lat' dir='ltr'><strong>quorum·</strong></span> <span class='ocrx_word' id='word_1_202' title='bbox 1221 3471 1283 3534; x_wconf 89' lang='lat' dir='ltr'><strong>iam</strong></span> <span class='ocrx_word' id='word_1_203' title='bbox 1307 3471 1343 3534; x_wconf 92' lang='lat' dir='ltr'><strong>in</strong></span> 
     </span>
     <span class='ocr_line' id='line_1_26' title="bbox 281 3594 1344 3678; baseline 0 -18"><span class='ocrx_word' id='word_1_204' title='bbox 281 3597 411 3660; x_wconf 87' lang='lat' dir='ltr'><strong>exordio</strong></span> <span class='ocrx_word' id='word_1_205' title='bbox 446 3597 551 3659; x_wconf 89' lang='lat' dir='ltr'><strong>satirae</strong></span> <span class='ocrx_word' id='word_1_206' title='bbox 587 3597 706 3660; x_wconf 86' lang='lat' dir='ltr'><strong>mentio</strong></span> <span class='ocrx_word' id='word_1_207' title='bbox 733 3597 818 3660; x_wconf 87' lang='lat' dir='ltr'><strong>facta</strong></span> <span class='ocrx_word' id='word_1_208' title='bbox 842 3599 899 3660; x_wconf 88' lang='lat' dir='ltr'><strong>est.</strong></span> <span class='ocrx_word' id='word_1_209' title='bbox 947 3594 990 3659; x_wconf 92' lang='lat' dir='ltr'><strong>Hi</strong></span> <span class='ocrx_word' id='word_1_210' title='bbox 1014 3618 1064 3660; x_wconf 88' lang='lat' dir='ltr'><strong>vv.</strong></span> <span class='ocrx_word' id='word_1_211' title='bbox 1089 3597 1218 3660; x_wconf 79' lang='lat'><strong>83-92</strong></span> <span class='ocrx_word' id='word_1_212' title='bbox 1242 3595 1344 3678; x_wconf 90' lang='lat' dir='ltr'><strong>lepidi</strong></span> 
     </span>
     <span class='ocr_line' id='line_1_27' title="bbox 282 3721 1344 3805; baseline 0 -20"><span class='ocrx_word' id='word_1_213' title='bbox 282 3726 355 3785; x_wconf 90' lang='lat' dir='ltr'><strong>sunt</strong></span> <span class='ocrx_word' id='word_1_214' title='bbox 378 3743 441 3785; x_wconf 87' lang='lat' dir='ltr'><strong>nec</strong></span> <span class='ocrx_word' id='word_1_215' title='bbox 453 3721 520 3784; x_wconf 88' lang='lat' dir='ltr'><strong>sine</strong></span> <span class='ocrx_word' id='word_1_216' title='bbox 537 3724 605 3785; x_wconf 86' lang='lat' dir='ltr'><strong>arte</strong></span> <span class='ocrx_word' id='word_1_217' title='bbox 622 3721 806 3804; x_wconf 85' lang='lat' dir='ltr'><strong>compositi3</strong></span> <span class='ocrx_word' id='word_1_218' title='bbox 832 3743 869 3785; x_wconf 89' lang='lat' dir='ltr'><strong>eo</strong></span> <span class='ocrx_word' id='word_1_219' title='bbox 884 3721 1052 3805; x_wconf 68' lang='lat' dir='ltr'><strong>gratiores</strong></span> <span class='ocrx_word' id='word_1_220' title='bbox 1070 3722 1151 3804; x_wconf 92' lang='lat' dir='ltr'><strong>quod</strong></span> <span class='ocrx_word' id='word_1_221' title='bbox 1166 3721 1344 3785; x_wconf 86' lang='lat' dir='ltr'><strong>laboriosos</strong></span> 
     </span>
     <span class='ocr_line' id='line_1_28' title="bbox 281 3845 1343 3936; baseline -0.001 -25"><span class='ocrx_word' id='word_1_222' title='bbox 281 3848 359 3912; x_wconf 89' lang='lat' dir='ltr'><strong>illos</strong></span> <span class='ocrx_word' id='word_1_223' title='bbox 387 3847 425 3910; x_wconf 91' lang='lat' dir='ltr'><strong>de</strong></span> <span class='ocrx_word' id='word_1_224' title='bbox 449 3849 640 3928; x_wconf 87' lang='lat' dir='ltr'><strong>tempestate</strong></span> <span class='ocrx_word' id='word_1_225' title='bbox 664 3869 772 3910; x_wconf 89' lang='lat' dir='ltr'><strong>versus</strong></span> <span class='ocrx_word' id='word_1_226' title='bbox 796 3847 966 3929; x_wconf 77' lang='lat' dir='ltr'><strong>insperata</strong></span> <span class='ocrx_word' id='word_1_227' title='bbox 982 3846 1144 3936; x_wconf 81' lang='lat' dir='ltr'><strong>elegantia</strong></span> <span class='ocrx_word' id='word_1_228' title='bbox 1167 3845 1343 3928; x_wconf 90' lang='lat' dir='ltr'><strong>excipiunt.</strong></span> 
     </span>
    </p>

    <p class='ocr_par' dir='ltr' id='par_1_17' title="bbox 388 3967 1345 4066">
     <span class='ocr_line' id='line_1_29' title="bbox 388 3967 1345 4066; baseline 0 -32"><span class='ocrx_word' id='word_1_229' title='bbox 388 3969 425 4034; x_wconf 92' lang='lat' dir='ltr'><strong>ln</strong></span> <span class='ocrx_word' id='word_1_230' title='bbox 449 3971 561 4035; x_wconf 87' lang='lat' dir='ltr'><strong>ultima</strong></span> <span class='ocrx_word' id='word_1_231' title='bbox 585 3972 683 4034; x_wconf 89' lang='lat' dir='ltr'><strong>satira</strong></span> <span class='ocrx_word' id='word_1_232' title='bbox 707 3970 770 4053; x_wconf 89' lang='grc'>(11.</span> <span class='ocrx_word' id='word_1_233' title='bbox 796 3970 962 4066; x_wconf 63' lang='lat'>93—130)</span> <span class='ocrx_word' id='word_1_234' title='bbox 986 3967 1146 4034; x_wconf 86' lang='lat' dir='ltr'><strong>Iuvenalis</strong></span> <span class='ocrx_word' id='word_1_235' title='bbox 1162 3973 1345 4053; x_wconf 86' lang='lat' dir='ltr'><strong>captatores</strong></span> 
     </span>
    </p>
   </div>
   <div class='ocr_carea' id='block_1_16' title="bbox 282 4095 1345 4183">
    <p class='ocr_par' dir='ltr' id='par_1_18' title="bbox 282 4095 1345 4183">
     <span class='ocr_line' id='line_1_30' title="bbox 282 4095 1345 4183; baseline -0.002 -22"><span class='ocrx_word' id='word_1_236' title='bbox 282 4103 348 4161; x_wconf 87' lang='lat' dir='ltr'><strong>tam</strong></span> <span class='ocrx_word' id='word_1_237' title='bbox 371 4098 525 4183; x_wconf 85' lang='lat' dir='ltr'><strong>praeclare</strong></span> <span class='ocrx_word' id='word_1_238' title='bbox 549 4097 671 4176; x_wconf 85' lang='lat' dir='ltr'><strong>irridet,</strong></span> <span class='ocrx_word' id='word_1_239' title='bbox 695 4101 730 4161; x_wconf 88' lang='lat' dir='ltr'><strong>ut</strong></span> <span class='ocrx_word' id='word_1_240' title='bbox 752 4097 802 4160; x_wconf 90' lang='lat' dir='ltr'><strong>his</strong></span> <span class='ocrx_word' id='word_1_241' title='bbox 825 4097 968 4160; x_wconf 82' lang='lat' dir='ltr'><strong>versibus</strong></span> <span class='ocrx_word' id='word_1_242' title='bbox 985 4095 1022 4160; x_wconf 86' lang='lat' dir='ltr'><strong>ea</strong></span> <span class='ocrx_word' id='word_1_243' title='bbox 1037 4097 1131 4180; x_wconf 90' lang='lat' dir='ltr'><strong>plane</strong></span> <span class='ocrx_word' id='word_1_244' title='bbox 1148 4099 1345 4178; x_wconf 83' lang='lat' dir='ltr'><strong>compenset,</strong></span> 
     </span>
    </p>
   </div>
   <div class='ocr_carea' id='block_1_17' title="bbox 0 0 1475 4836">
    <p class='ocr_par' dir='ltr' id='par_1_19' title="bbox 0 0 1475 4836">
     <span class='ocr_line' id='line_1_31' title="bbox 0 0 1475 4836; baseline 0 0"><span class='ocrx_word' id='word_1_245' title='bbox 0 0 1475 4836; x_wconf 95' lang='lat' dir='ltr'><strong> </strong></span> 
     </span>
    </p>
   </div>
  </div>
 </body>
</html>
