2854 4828
732 425 905 486 ...64-

391 599 534 664 Primum
569 601 653 664 enim
688 601 812 684 quaerit,
848 603 923 685 quid
958 601 1019 666 sibi
1053 602 1132 666 velit
1159 603 1341 667 vocabulum

285 725 417 803 interea,
453 749 527 789 nam
561 726 620 789 hoc
654 727 835 810 siguificare
870 747 960 808 posse
985 727 1079 791 dicit:
1112 728 1187 790 dum
1211 729 1342 792 creditor

285 852 326 914 ad
359 819 524 916 introitum
560 851 686 915 macelli
722 873 775 914 eos
810 855 989 934 exspectat;
1024 851 1136 915 deinde
1162 853 1201 915 de
1225 853 1343 916 modica

284 976 411 1040 luxuria
445 977 579 1040 istorum
613 977 796 1040 helluonum
820 978 952 1056 iocatur,
977 978 1061 1060 qood
1084 999 1147 1040 nou
1170 977 1203 1040 in
1227 977 1343 1040 fercula

285 1103 340 1166 sed
364 1105 487 1165 tantum
511 1103 544 1164 iu
567 1102 802 1189 promulsidem¹
816 1105 976 1184 sumptum
1000 1103 1196 1184 impendant.
1232 1099 1344 1164 Irridet

285 1231 429 1290 ventrem
463 1225 573 1290 horum
610 1226 784 1306 hominum,
820 1227 875 1310 qui
909 1231 981 1316 tam.
1011 1248 1112 1309 capax
1139 1248 1208 1290 esse
1233 1227 1344 1290 dicitur

286 1351 328 1431 (v.
365 1350 431 1432 41),
467 1356 502 1414 ut
537 1374 598 1414 non
633 1353 724 1415 modo
759 1373 874 1436 greges
909 1373 1060 1434 pecorum
1088 1351 1265 1414 sedetiam
1289 1351 1344 1414 toti

286 1478 356 1561 agri
380 1478 413 1571 in
439 1499 476 1540 eo
502 1476 645 1560 demergi
668 1477 800 1558 possint.
840 1475 947 1558 Atque
969 1475 1118 1559 quoniam
1135 1479 1167 1538 et
1182 1474 1343 1538 helluones

285 1606 317 1665 et
350 1603 453 1686 pudor
486 1601 554 1683 ipse
591 1623 629 1663 ex
664 1602 742 1664 urbe
779 1601 891 1684 fugere
927 1601 1085 1686 dicuntur,
1121 1600 1246 1683 quaerit,
1272 1599 1343 1683 quid

284 1727 394 1811 paucis
419 1728 482 1790 illis
506 1725 697 1802 hominibus,
714 1726 769 1808 qui
786 1749 814 1789 v.
833 1727 874 1788 55
891 1725 1104 1804 nominantur,
1120 1725 1280 1808 reliquum
1296 1725 1342 1788 sit.

392 1851 453 1916 Sed
489 1851 558 1914 aliae
595 1873 717 1934 quoque
753 1871 856 1914 causae
890 1848 1109 1913 aRibbeekio
1133 1848 1239 1912 allatae
1264 1853 1343 1927 sunt,

285 2000 341 2042 cur
374 2000 425 2041 vv.
464 1978 570 2040 1-55
607 1999 664 2059 pro
693 1976 808 2059 spuriis
832 1975 1036 2050 haberentur,
1060 1975 1144 2038 inter
1167 1943 1247 2057 quas
1273 1997 1343 2059 gra·

283 2104 413 2166 sissima
449 2126 486 2165 ea
523 2102 589 2164 sine
626 2101 721 2164 dubio
757 2103 814 2178 est,
843 2101 926 2183 quod
950 2101 1053 2183 primo
1077 2099 1191 2162 saltem
1216 2103 1344 2182 aspectu

285 2228 451 2290 dissimilia
485 2227 569 2289 inter
604 2249 637 2289 se
673 2248 710 2288 ca
743 2225 901 2303 videntur,
937 2246 1007 2307 quae
1032 2247 1081 2287 vv.
1108 2225 1215 2288 1--55
1240 2228 1274 2286 et
1297 2247 1343 2288 vv.

285 2353 436 2416 56-208
462 2353 649 2414 tractantur.
689 2347 765 2424 Quae
790 2353 896 2412 temen
921 2348 1155 2428 dissimilitudo,
1172 2351 1208 2410 ut
1224 2349 1341 2431 opinor,

284 2478 437 2560 explihori
461 2479 575 2560 potest.
638 2507 644 2524 ·

390 2602 545 2666 Versibus
582 2602 745 2677 55—208,
782 2601 836 2682 qui
870 2602 901 2662 et
933 2599 1085 2662 maiorem
1110 2601 1141 2661 et
1164 2598 1342 2682 graviorem

283 2731 407 2811 partem
443 2729 548 2791 satirae
585 2727 734 2803 efficiunt,
771 2725 938 2808 prologum
964 2723 1179 2786 necessarium
1204 2745 1286 2803 esse,
1310 2745 1343 2786 ea

283 2855 381 2917 verba
406 2853 620 2915 demonstrare
645 2850 723 2912 mihi
747 2849 904 2925 videntur,
928 2870 999 2930 quae
1025 2871 1053 2912 v.
1079 2849 1119 2911 56
1143 2847 1314 2931 leguntur:

434 3013 582 3128 experiere
606 3052 701 3120 hodie,
726 3071 796 3108 num
822 3050 892 3124 quid
916 3049 1115 3124 pulcherrima
1139 3049 1230 3118 dictu,

434 3160 559 3229 Persice,
585 3178 643 3216 non
667 3161 805 3233 praestem
829 3157 891 3214 vita

390 3350 439 3415 Ita
473 3354 568 3434 poeta
604 3349 734 3412 satiram
768 3348 909 3430 incipere
945 3369 1006 3410 non
1029 3349 1154 3428 poterat
1177 3346 1238 3408 nisi
1263 3367 1342 3428 prae·

282 3477 386 3540 missis
422 3476 542 3558 aliquot
559 3475 728 3552 ‚versibus
757 3473 790 3534 in
814 3473 928 3555 quibus
952 3472 1020 3535 haec
1044 3473 1142 3536 verba
1166 3471 1341 3534 accuratius

204 3658 207 3663 .
283 3606 314 3666 et
350 3601 504 3684 copiosius
541 3600 725 3682 explicaret.
772 3597 824 3660 Au
859 3598 923 3660 rari
956 3599 1029 3659 sunt
1053 3597 1135 3678 apud
1161 3593 1342 3658 Iuvenalem

283 3727 349 3789 eius
384 3726 468 3788 modi
503 3725 639 3808 prologi,
673 3723 844 3805 inquibus
870 3722 906 3784 de
931 3721 1065 3783 materia
1087 3720 1251 3803 proposita
1274 3717 1341 3782 uni·

282 3873 371 3915 verse
407 3851 563 3933 loquatur,
594 3852 765 3931 antequam
800 3848 839 3910 ad
872 3846 999 3929 singola
1023 3843 1169 3926 exempla
1192 3847 1340 3919 transeat,

282 3975 397 4059 quihus
433 3996 479 4052 ea,
516 3995 585 4056 quae
624 3972 861 4050 antecesserint,
897 3993 935 4034 ex
960 3970 1045 4033 omni
1069 3972 1159 4052 parte
1184 3959 1341 4032 illustrare

281 4100 381 4164 velit?
417 4098 496 4162 Tam
520 4119 648 4162 conexae
673 4101 706 4160 et
729 4096 883 4180 copulatae
908 4095 957 4160 hae
981 4098 1088 4177 partes
1105 4094 1137 4158 in
1154 4093 1260 4158 satiris
1278 4094 1339 4156 eius
