2916 4834
712 407 885 470 -22-

265 584 333 668 dai)
368 589 417 650 esi
450 585 515 649 illis
549 583 609 649 hoo
639 585 733 661 utile3
762 565 855 650 XIII.
880 586 958 651 204:
984 586 1016 648 et
1038 587 1147 647 tamen
1170 582 1328 668 (quamvis

264 710 467 793 reddidisset)
491 733 618 775 omnem
639 730 749 775 vocem
773 711 861 795 adyii
884 733 993 777 veram
1015 709 1173 794 probavii.
1209 707 1261 774 Sio
1285 705 1326 808 H?
1444 759 1445 764 ,

266 837 329 900 163
364 835 535 900 Armenius
570 834 701 901 Zalaces
731 837 901 921 opponitur
923 838 1040 918 verbis,
1064 857 1136 922 quae
1160 838 1247 900 suni:
1273 836 1328 899 sed

264 983 335 1044 quoe
370 983 454 1024 nuno
485 997 527 1006 -
557 940 620 1025 non
650 959 772 1024 faciunt
798 962 857 1041 ffli,
881 983 959 1045 quos
981 962 1127 1026 vicimue
1172 959 1328 1025 Weidner

264 1083 310 1168 (p.
342 1083 398 1167 64)
434 1085 653 1150 difficuliaiem
686 1108 750 1150 non
779 1087 928 1170 explicat,
953 1108 1025 1150 oum
1048 1087 1140 1151 dicit:
1166 1088 1329 1150 etiamen

263 1209 399 1274 Romani
433 1210 599 1290 mirantur,
635 1232 707 1274 oum
741 1209 889 1276 Zolaoem
918 1211 1049 1276 mollem
1077 1212 1197 1276 vidend.
1243 1209 1327 1285 Quo-

263 1335 356 1399 modo
389 1334 458 1398 haeo
494 1338 672 1419 congruunt
706 1357 778 1399 oum
807 1336 857 1399 hi's
886 1336 1007 1401 verbis:
1036 1335 1096 1400 hoo
1120 1357 1183 1400 non
1205 1335 1328 1400 faciunt

264 1459 323 1539 illi,
356 1481 433 1542 quos
465 1460 618 1524 vicimus?
663 1459 727 1524 Pro
749 1467 851 1525 tomen
874 1482 945 1546 erqo
968 1463 1181 1544 exspectares,
1226 1459 1328 1524 Hein-

210 1643 214 1652 ,
264 1584 384 1648 riohius
407 1585 489 1648 nihil
512 1585 627 1650 adfert.
661 1584 835 1669 Rupertius
858 1608 940 1650 unus
963 1589 1049 1650 recte
1073 1589 1213 1650 statuere
1236 1585 1326 1650 vide·

263 1710 326 1772 tur.
372 1709 486 1772 Malim
508 1710 590 1773 horto
613 1711 722 1790 locum,
747 1711 861 1794 inquit,
886 1709 1069 1788 διαλογικῶς
1091 1711 1256 1795 explicare,
1280 1712 1327 1774 ito
1388 1726 1391 1730 ·
1444 1727 1445 1730 ’

264 1840 300 1896 ut
321 1834 412 1898 verbo
435 1835 610 1898 adversarii
632 1838 695 1899 sint
718 1843 745 1899 et
768 1842 870 1899 tomen
888 1872 927 1881 -—
944 1836 1078 1919 tribuno,
1095 1837 1139 1899 ad
1152 1857 1220 1921 quae
1231 1843 1324 1920 poeto

264 1980 291 2024 o.
318 1960 382 2022 166
404 1959 596 2044 respondeat.
