2854 4828
558 443 732 505 ,21-

199 627 359 702 praecipue.
407 624 484 684 Cave
508 626 546 684 sis
570 629 605 684 tu
628 625 745 701 linguas
769 625 983 701 mancipiorum

200 736 387 792 contemnas:
413 753 482 790 nam
505 733 609 808 lingua
632 733 703 790 mali
727 752 795 807 pars
819 733 945 808 pessima
968 733 1056 792 servi.

202 840 330 898 deterior
352 843 454 898 tamen
477 839 524 898 hio
548 843 603 898 cet.

217 1020 348 1084 Retinet
382 1021 482 1105 igitur
510 1021 680 1085 lectionem
704 1021 823 1084 codicis
845 1019 892 1099 P,
917 1022 1000 1104 quod
1022 1021 1077 1085 vix
1099 1021 1176 1084 lieet

106 1148 149 1210 ob
186 1167 240 1209 eas
276 1167 397 1225 causae,
432 1167 510 1228 quas
545 1168 642 1229 supra
670 1147 844 1210 attulimus.
891 1145 980 1221 Quod
1003 1150 1039 1209 ut
1062 1149 1094 1210 et
1116 1169 1174 1210 nec

107 1272 155 1334 ita
192 1271 348 1349 emendat,
384 1274 420 1333 ut
452 1293 509 1353 pro
531 1269 586 1334 illo
610 1273 654 1348 tu,
678 1291 736 1353 pro
759 1270 820 1333 hoc
843 1293 918 1333 nam
941 1271 1069 1350 scribat,
1095 1273 1176 1336 bene

106 1396 198 1459 facit.
246 1394 279 1458 Si
315 1395 443 1478 quidem
467 1395 533 1458 ulla
556 1395 630 1458 huic
654 1396 722 1460 loco
747 1395 904 1458 medicina
929 1395 1023 1459 debet
1047 1395 1175 1476 adferri,

108 1519 289 1584 Vahlenius
325 1507 493 1583 admodum
528 1521 644 1583 bonam
678 1521 811 1602 praebet.
864 1518 925 1582 Sed
959 1521 1068 1596 verba,
1104 1542 1176 1603 quae

110 1648 186 1708 sunt
221 1649 296 1708 tunc
333 1647 390 1722 est,
426 1667 489 1708 non
524 1647 735 1721 removentur,
771 1649 804 1707 et
839 1645 1009 1727 corripitur
1032 1666 1119 1724 eave,
1144 1649 1192 1720 et,

109 1770 291 1833 retinentur
314 1792 364 1833 vv.
390 1770 575 1847 122—123,
600 1770 656 1852 qui
679 1791 741 1832 non
761 1771 853 1832 modo
869 1771 1049 1847 verborum,
1065 1791 1177 1833 verum

110 1895 220 1973 etiam,
244 1894 327 1978 quod
351 1881 437 1957 haud
461 1895 525 1957 scio
553 1917 593 1957 an
617 1894 746 1978 gravius
771 1895 822 1973 sit,
847 1893 1077 1958 sententiarum
1094 1895 1177 1958 diffi-
1201 1936 1204 1942 ι

109 2020 230 2084 cultata
254 2019 413 2084 laborant.

220 2143 299 2208 Oum
326 2166 388 2207 non
413 2143 548 2227 amplius
572 2144 679 2227 opinio
703 2165 821 2222 eorum,
846 2145 901 2226 qui
925 2165 996 2206 oum
1020 2142 1177 2208 Teuffelio

110 2269 319 2346 arbitrantur,
344 2269 503 2352 duplicem
526 2269 743 2332 recensionem
767 2269 936 2331 satirarum
961 2272 1091 2350 apoeta
1106 2269 1175 2351 ipso

109 2393 231 2457 factam
267 2415 345 2472 esse,
376 2394 453 2456 satis
477 2394 578 2456 firmis
603 2393 799 2478 argumentis
823 2393 903 2456 fulta
927 2415 995 2456 esse
1019 2394 1174 2468 videatur,

109 2518 167 2581 vix
200 2540 279 2602 opus
316 2521 364 2581 est
399 2519 436 2580 ad
474 2540 544 2580 eam
579 2518 794 2581 recensionem
830 2518 1012 2601 confugere,
1048 2518 1085 2595 si,
1113 2540 1175 2600 quo

109 2642 205 2706 modo
239 2665 290 2706 vv.
327 2643 502 2706 120—-123
530 2643 563 2705 in
587 2646 770 2706 contextum
793 2643 990 2725 irrepserint,
1015 2642 1176 2725 explicare

109 2767 257 2831 velimus
305 2765 526 2830 Adversantur
560 2765 723 2844 Teuffelio,
741 2748 743 2756 Ι
758 2765 942 2846 Weidnem,
979 2767 1060 2846 aliis,
1083 2767 1177 2831 multi

111 2895 146 2956 et
171 2891 254 2955 docti
277 2893 348 2970 viri,
373 2915 507 2975 quorum
530 2891 583 2954 hic
607 2893 771 2975 opiniones
795 2893 943 2976 persequi
966 2892 1099 2976 longum
1119 2895 1176 2955 est.

110 3014 274 3099 Imprimis
298 3017 514 3102 Mosengelius
537 3039 602 3080 non
625 3017 693 3080 sine
710 3039 856 3080 successu
874 3019 1063 3102 argumenta
1079 3015 1177 3079 Teuf'-

110 3141 183 3205 felii
206 3141 335 3205 refutat.
382 3140 490 3224 Atque
512 3123 691 3206 'Vahlenius
717 3142 754 3204 ad
779 3165 829 3206 vv.
856 3143 1046 3206 118-123:
1072 3119 1189 3225 dupli-¹

112 3268 159 3330 cis
196 3269 312 3345 autem,
348 3267 461 3349 inquit,
495 3266 697 3345 recensionis,
728 3288 798 3348 quae
822 3268 963 3343 vocatur,
988 3287 1050 3348 qua
1073 3265 1177 3348 posita
1236 3335 1239 3345 Ι

111 3392 227 3456 horum
265 3413 415 3455 versuum
453 3391 655 3454 difficultates
694 3413 764 3474 quae
802 3390 994 3454 videbantur
1033 3390 1176 3473 expediri

112 3538 206 3600 posse
230 3517 293 3580 rati
317 3519 399 3594 sunt,
424 3537 482 3578 nec
505 3515 565 3580 hoc
588 3516 656 3580 loco
679 3537 737 3579 neo
761 3515 826 3578 ullo
849 3515 882 3577 in
905 3515 954 3577 his
972 3515 1077 3578 satiris
1094 3515 1177 3579 indi-

112 3643 164 3706 cia
187 3644 353 3725 apparent.
389 3639 499 3705 Simile
515 3640 582 3704 fere
599 3641 751 3705 iudicium
767 3638 1028 3721 Schoenaiohii1)
1048 3643 1105 3720 est,
1122 3641 1177 3723 qui

112 3767 147 3830 in
172 3789 210 3830 ea
233 3768 324 3849 parte
348 3765 460 3844 libelli,
485 3787 556 3848 quae
580 3768 628 3828 est
651 3766 689 3828 de
714 3765 833 3847 duplici
849 3765 1043 3843 recensione,
1064 3765 1177 3828 advar-

113 3890 213 3955 sarios
249 3890 435 3954 convincere
466 3891 565 3973 probe
590 3889 659 3954 scit.
707 3888 776 3954 Hoc
799 3892 924 3953 tantum
948 3890 1126 3967 confitetur,
1150 3889 1177 3951 si

111 4037 328 4052 ——n—-d—

225 4129 245 4197 ¹)
266 4129 297 4184 G.
317 4131 483 4184 Soudanon:
512 4128 682 4194 Quaestionea
701 4129 898 4195 Iuvenalianae,
917 4129 996 4182 Halae
1017 4129 1093 4183 1883.
