2916 4834
688 439 861 501 -10-
950 487 952 491 .

241 636 352 680 versus
376 637 439 680 non
463 638 502 679 ex
525 615 610 682 omni
625 619 717 700 parte
734 616 811 679 satis
829 616 897 700 apti
912 638 981 680 esse
996 617 1174 681 rideantur.
1214 615 1304 692 Quod

240 761 354 804 vereor
376 762 415 804 ne
440 741 478 804 de
500 763 551 805 vv.
575 741 707 804 42-44
730 741 867 804 maxime
890 741 1006 826 valeat.
1044 739 1159 825 Neque
1176 743 1303 807 omnino

241 865 356 949 negari
389 865 507 949 poterit
537 866 623 949 quin,
657 866 889 948 cumprimum
913 867 1143 952 eoslcgamuS,
1167 868 1305 932 curtati

242 990 335 1054 modo
358 991 472 1054 ceteris
496 991 633 1054 immixti
656 991 729 1070 sint,
753 991 914 1056 miremur.
961 991 1022 1056 Sed
1046 993 1221 1057 cavendum
1245 995 1302 1072 est,

234 1136 282 1195 ,ne
315 1115 412 1179 nimio
442 1117 545 1180 studio
567 1116 647 1179 vitia
669 1116 852 1180 inveniendi
876 1117 963 1180 ducti
986 1118 1090 1182 subito
1113 1118 1146 1181 in
1170 1117 1305 1180 solidum

242 1240 428 1305 incidamus
474 1241 545 1305 Mos
569 1239 617 1305 est
641 1239 799 1305 Iuvenalis
823 1263 1041 1325 saepenumero
1062 1243 1095 1306 in
1111 1243 1216 1306 media
1232 1264 1303 1306 era-

240 1366 339 1445 tione,
375 1367 472 1430 etiam
506 1366 561 1430 ubi
593 1366 872 1431 vehementissima
896 1371 952 1446 est,
977 1368 1158 1446 consistere,
1182 1372 1218 1431 ut
1241 1389 1304 1451 qua

244 1495 291 1555 est
313 1491 531 1576 indignatione
555 1492 701 1555 incensus
724 1492 849 1556 hostem
871 1492 981 1555 fictum
1001 1493 1303 1576 interrogationibus

240 1617 470 1700 importunisve
494 1616 777 1682 exclamationibus
800 1618 998 1702 perstringat
1015 1617 1049 1698 ¹).
1093 1615 1155 1680 Sed
1177 1619 1303 1680 tantum

242 1743 333 1806 abest
367 1745 402 1804 ut
433 1742 585 1806 eiusmodi
609 1743 865 1821 exclamationes
890 1741 1033 1824 quamvis
1057 1743 1231 1806 orationem
1254 1743 1303 1805 in-

240 1870 440 1951 terrumpere
476 1867 652 1946 videantur,
686 1867 715 1931 ei
744 1869 889 1944 noceant,
914 1870 1034 1932 utnon
1056 1867 1148 1931 modo
1172 1889 1224 1930 eas
1248 1867 1303 1930 de-

242 1990 330 2054 fendi
365 2013 476 2055 verum
508 1991 605 2055 etiam
631 1995 762 2075 propter
784 2014 935 2076 magnam
958 2014 1054 2075 quam
1076 1991 1217 2056 habeant
1238 1992 1304 2056 vim

147 2201 150 2206 Ι
240 2114 367 2178 laudari
390 2120 544 2198 oporteat.

347 2239 423 2304 Post
456 2264 486 2305 1.
523 2241 563 2304 80
596 2242 636 2304 ad
659 2264 730 2304 eam
752 2241 858 2304 satirae
882 2245 1007 2324 partem
1029 2240 1184 2319 1011111111,
1208 2263 1303 2324 quam

242 2365 375 2430 alteram
410 2387 477 2429 esse
512 2366 581 2430 vult
614 2365 826 2445 Hermaunus,
863 2388 925 2450 qua
957 2388 990 2430 se
1020 2366 1170 2430 defendat
1192 2370 1300 2449 poeta:

240 2491 409 2554 materiam
431 2469 581 2554 vitiorum
605 2492 830 2555 abundantem.
877 2490 925 2554 Re
941 2513 1018 2555 vera
1033 2491 1102 2554 haec
1118 2489 1199 2554 nihil
1216 2491 1300 2554 aliud

239 2615 382 2679 continet
404 2615 466 2678 nisi
490 2617 760 2679 enumerationem
783 2616 998 2680 continuatam
1016 2638 1124 2679 eorum
1138 2615 1299 2693 vitiorum,

240 2761 311 2823 quae
336 2737 520 2804 Iuvenalem
543 2741 583 2803 ad
606 2741 720 2804 satiras
744 2740 974 2823 componendas
990 2740 1195 2823 impulerunt.
1234 2737 1300 2803 Ite·

240 2887 311 2928 rum
334 2865 368 2928 in
390 2867 515 2928 tantum
538 2865 628 2928 illum
648 2887 814 2928 numerum
829 2865 1117 2950 interrogationum
1133 2865 1300 2929 incidimus

351 3149 370 3216 ¹)
390 3149 475 3203 Aliud
494 3149 651 3218 exemplum
670 3152 712 3204 est
731 3167 775 3202 vv.
796 3149 909 3202 73-76.
947 3149 1047 3203 Omnes
1066 3149 1186 3203 editores
1198 3151 1301 3217 prater

240 3238 427 3314 Ribbeckiurn
445 3239 475 3291 in
494 3256 526 3293 eo
546 3237 730 3301 consentiunt,
750 3238 824 3306 quod
842 3238 892 3292 1101
911 3255 1005 3292 versus
1025 3241 1088 3305 post
1101 3256 1126 3292 1.
1141 3238 1300 3306 7211011111.

240 3329 272 3381 R.
297 3331 391 3382 autem
415 3327 539 3381 ordinem
562 3327 604 3380 ita
626 3330 726 3390 mutat,
745 3327 852 3380 utiam
871 3331 935 3396 post
954 3345 979 3380 1.
1000 3327 1190 3396 681egantur.
1230 3329 1301 3392 Quid

241 3420 311 3470 euim
330 3435 396 3484 opus
415 3424 460 3484 eat,
488 3415 588 3484 inquit,
617 3434 658 3470 eos
681 3424 755 3470 tauro
773 3419 861 3483 spatio
878 3433 1013 3469 secernere
1031 3417 1064 3468 ab
1083 3417 1127 3483 iis,
1146 3417 1301 3484 quibuscum

236 3508 369 3572 facillime
397 3509 524 3572 eoniuaqi
547 3523 624 3573 posse
646 3507 791 3559 uidentur?
827 3506 902 3558 Num
921 3504 974 3560 soli
993 3505 1147 3573 signatores
1167 3504 1301 3557 falsarum

239 3595 408 3654 tabularum.
436 3612 492 3648 non
519 3595 655 3658 venefieae,
683 3593 713 3648 in
740 3594 845 3648 insulas
865 3594 950 3648 maris
968 3593 1041 3648 Ionii
1058 3592 1136 3648 mitti
1155 3592 1301 3649 solebant?

240 3685 307 3738 Haec
335 3683 493 3739 emendatio
518 3683 577 3738 eius
602 3683 710 3752 generis
730 3686 780 3746 est,
800 3684 873 3752 quod
892 3701 909 3736 a
928 3684 960 3735 R.
979 3681 1125 3751 inprimis
1144 3681 1299 3745 adhibetur,

239 3791 305 3828 nam
324 3778 357 3828 ut
375 3773 515 3827 sententia
537 3773 636 3828 melior
654 3773 703 3827 fiat
722 3771 847 3827 ordinem
866 3789 994 3826 versuum
1013 3771 1048 3825 ad
1067 3770 1180 3825 libitum
1199 3773 1299 3824 mutat.

241 3862 318 3928 Quod
346 3867 441 3916 tamen
469 3880 525 3916 non
548 3879 655 3930 semper
673 3861 753 3926 lieet;
773 3865 833 3916 tum
852 3860 926 3916 enirn
946 3860 1086 3930 graviores
1106 3860 1192 3915 etiam
1212 3877 1300 3913 causae

239 3952 375 4007 accedant
393 3969 502 4006 necesse
522 3955 571 4006 est.
609 3951 705 4020 Neque
725 3950 799 4005 enim
817 3949 957 4004 Iuvenalis
977 3949 1104 4004 omnibus
1123 3949 1201 4003 vitiis
1216 3951 1299 4012 caret,

237 4059 273 4095 ex
300 4058 354 4110 quo
381 4039 506 4104 efficitur,
530 4044 636 4096 utnon
654 4045 768 4109 propter
786 4039 875 4093 solam
893 4056 1022 4093 versuum
1040 4037 1212 4107 elegantiam
1230 4036 1302 4091 ordi-

237 4148 303 4186 nem
324 4129 507 4186 eonstitutum
525 4134 684 4200 permutare
703 4129 796 4184 liceat.
