<?xml version="1.0" encoding="UTF-8"?>
<!DOCTYPE html PUBLIC "-//W3C//DTD XHTML 1.0 Transitional//EN"
    "http://www.w3.org/TR/xhtml1/DTD/xhtml1-transitional.dtd">
<html xmlns="http://www.w3.org/1999/xhtml" xml:lang="en" lang="en">
 <head>
  <title>
</title>
<meta http-equiv="Content-Type" content="text/html;charset=utf-8" />
  <meta name='ocr-system' content='tesseract 3.04.00' />
  <meta name='ocr-capabilities' content='ocr_page ocr_carea ocr_par ocr_line ocrx_word'/>
</head>
<body>
  <div class='ocr_page' id='page_1' title='image "./deargumentidisp00grylgoog_0181.png"; bbox 0 0 2854 4828; ppageno 0'>
   <div class='ocr_carea' id='block_1_1' title="bbox 683 412 856 473">
    <p class='ocr_par' dir='ltr' id='par_1_1' title="bbox 683 412 856 473">
     <span class='ocr_line' id='line_1_1' title="bbox 683 412 856 473; baseline 0.012 -20"><span class='ocrx_word' id='word_1_1' title='bbox 683 412 856 473; x_wconf 37' lang='lat'>*62-</span> 
     </span>
    </p>
   </div>
   <div class='ocr_carea' id='block_1_2' title="bbox 240 587 1307 1548">
    <p class='ocr_par' dir='ltr' id='par_1_2' title="bbox 240 587 1307 1548">
     <span class='ocr_line' id='line_1_2' title="bbox 241 587 1303 671; baseline 0.005 -24"><span class='ocrx_word' id='word_1_2' title='bbox 241 591 382 663; x_wconf 54' lang='lat' dir='ltr'>securem</span> <span class='ocrx_word' id='word_1_3' title='bbox 408 587 475 650; x_wconf 89' lang='lat' dir='ltr'>eius</span> <span class='ocrx_word' id='word_1_4' title='bbox 498 610 652 651; x_wconf 85' lang='lat' dir='ltr'><strong>memores</strong></span> <span class='ocrx_word' id='word_1_5' title='bbox 669 611 794 671; x_wconf 83' lang='lat' dir='ltr'><strong>semper</strong></span> <span class='ocrx_word' id='word_1_6' title='bbox 811 611 878 652; x_wconf 91' lang='lat' dir='ltr'>esse</span> <span class='ocrx_word' id='word_1_7' title='bbox 896 589 1046 653; x_wconf 87' lang='lat' dir='ltr'>debemus</span> <span class='ocrx_word' id='word_1_8' title='bbox 1063 588 1127 669; x_wconf 89' lang='grc'><strong>(11.</strong></span> <span class='ocrx_word' id='word_1_9' title='bbox 1145 590 1303 669; x_wconf 83' lang='lat'>28—34).</span> 
     </span>
     <span class='ocr_line' id='line_1_3' title="bbox 241 710 1303 797; baseline 0.002 -21"><span class='ocrx_word' id='word_1_10' title='bbox 241 711 323 787; x_wconf 79' lang='lat' dir='ltr'>Quin</span> <span class='ocrx_word' id='word_1_11' title='bbox 341 714 453 777; x_wconf 88' lang='lat' dir='ltr'>-etiam</span> <span class='ocrx_word' id='word_1_12' title='bbox 476 713 510 776; x_wconf 90' lang='lat' dir='ltr'>in</span> <span class='ocrx_word' id='word_1_13' title='bbox 534 713 672 776; x_wconf 89' lang='lat' dir='ltr'>minimis</span> <span class='ocrx_word' id='word_1_14' title='bbox 696 715 790 778; x_wconf 90' lang='lat' dir='ltr'>rebus</span> <span class='ocrx_word' id='word_1_15' title='bbox 814 715 923 777; x_wconf 89' lang='lat' dir='ltr'>modus</span> <span class='ocrx_word' id='word_1_16' title='bbox 947 710 1121 778; x_wconf 83' lang='lat' dir='ltr'>serrandus</span> <span class='ocrx_word' id='word_1_17' title='bbox 1144 720 1211 778; x_wconf 89' lang='lat' dir='ltr'>est:</span> <span class='ocrx_word' id='word_1_18' title='bbox 1247 715 1303 797; x_wconf 91' lang='lat' dir='ltr'>qui</span> 
     </span>
     <span class='ocr_line' id='line_1_4' title="bbox 240 829 1305 924; baseline 0.002 -24"><span class='ocrx_word' id='word_1_19' title='bbox 240 861 303 902; x_wconf 90' lang='lat' dir='ltr'>non</span> <span class='ocrx_word' id='word_1_20' title='bbox 337 829 456 902; x_wconf 87' lang='lat' dir='ltr'>habeat</span> <span class='ocrx_word' id='word_1_21' title='bbox 490 838 522 900; x_wconf 90' lang='lat' dir='ltr'>in</span> <span class='ocrx_word' id='word_1_22' title='bbox 556 837 668 901; x_wconf 92' lang='lat' dir='ltr'>loculis</span> <span class='ocrx_word' id='word_1_23' title='bbox 702 839 764 902; x_wconf 89' lang='lat' dir='ltr'>nisi</span> <span class='ocrx_word' id='word_1_24' title='bbox 799 839 881 921; x_wconf 94' lang='lat' dir='ltr'>quod</span> <span class='ocrx_word' id='word_1_25' title='bbox 915 841 954 902; x_wconf 89' lang='lat' dir='ltr'>ad</span> <span class='ocrx_word' id='word_1_26' title='bbox 978 840 1110 924; x_wconf 87' lang='lat' dir='ltr'>gobium</span> <span class='ocrx_word' id='word_1_27' title='bbox 1134 841 1305 904; x_wconf 90' lang='lat' dir='ltr'>emendum</span> 
     </span>
     <span class='ocr_line' id='line_1_5' title="bbox 241 963 1307 1049; baseline 0.001 -23"><span class='ocrx_word' id='word_1_28' title='bbox 241 964 386 1036; x_wconf 81' lang='lat' dir='ltr'>sufficiat,</span> <span class='ocrx_word' id='word_1_29' title='bbox 422 963 555 1027; x_wconf 89' lang='lat' dir='ltr'>mullum</span> <span class='ocrx_word' id='word_1_30' title='bbox 585 986 625 1026; x_wconf 88' lang='lat' dir='ltr'>ne</span> <span class='ocrx_word' id='word_1_31' title='bbox 649 964 959 1046; x_wconf 60' lang='lat' dir='ltr'>concupiscat‚,rram</span> <span class='ocrx_word' id='word_1_32' title='bbox 985 965 1060 1049; x_wconf 84' lang='lat' dir='ltr'>gula</span> <span class='ocrx_word' id='word_1_33' title='bbox 1085 969 1245 1029; x_wconf 71' lang='lat' dir='ltr'>crescente</span> <span class='ocrx_word' id='word_1_34' title='bbox 1271 969 1307 1028; x_wconf 91' lang='lat' dir='ltr'>et</span> 
     </span>
     <span class='ocr_line' id='line_1_6' title="bbox 242 1089 1302 1174; baseline 0.001 -23"><span class='ocrx_word' id='word_1_35' title='bbox 242 1089 408 1152; x_wconf 90' lang='lat' dir='ltr'>deficiente</span> <span class='ocrx_word' id='word_1_36' title='bbox 433 1110 582 1152; x_wconf 85' lang='lat' dir='ltr'>crumena</span> <span class='ocrx_word' id='word_1_37' title='bbox 606 1089 646 1150; x_wconf 89' lang='lat' dir='ltr'>ad</span> <span class='ocrx_word' id='word_1_38' title='bbox 669 1090 905 1154; x_wconf 68' lang='lat' dir='ltr'>mendicitatem</span> <span class='ocrx_word' id='word_1_39' title='bbox 923 1090 1041 1153; x_wconf 91' lang='lat' dir='ltr'>sensim</span> <span class='ocrx_word' id='word_1_40' title='bbox 1057 1090 1222 1174; x_wconf 86' lang='lat' dir='ltr'>redigetur</span> <span class='ocrx_word' id='word_1_41' title='bbox 1237 1089 1302 1171; x_wconf 88' lang='grc'><strong>(11.</strong></span> 
     </span>
     <span class='ocr_line' id='line_1_7' title="bbox 243 1211 1303 1298; baseline 0.001 -21"><span class='ocrx_word' id='word_1_42' title='bbox 243 1212 397 1294; x_wconf 83' lang='grc'>35--45).</span> <span class='ocrx_word' id='word_1_43' title='bbox 445 1211 526 1277; x_wconf 80' lang='lat' dir='ltr'>Gula</span> <span class='ocrx_word' id='word_1_44' title='bbox 550 1214 693 1277; x_wconf 90' lang='lat' dir='ltr'>dominus</span> <span class='ocrx_word' id='word_1_45' title='bbox 718 1215 853 1278; x_wconf 89' lang='lat' dir='ltr'>crudelis</span> <span class='ocrx_word' id='word_1_46' title='bbox 878 1218 936 1293; x_wconf 82' lang='lat' dir='ltr'>est,</span> <span class='ocrx_word' id='word_1_47' title='bbox 960 1216 1014 1298; x_wconf 95' lang='lat' dir='ltr'>qui</span> <span class='ocrx_word' id='word_1_48' title='bbox 1039 1236 1145 1278; x_wconf 80' lang='lat' dir='ltr'>servos</span> <span class='ocrx_word' id='word_1_49' title='bbox 1170 1216 1303 1298; x_wconf 87' lang='lat' dir='ltr'>quodvis</span> 
     </span>
     <span class='ocr_line' id='line_1_8' title="bbox 243 1338 1305 1423; baseline 0.002 -23"><span class='ocrx_word' id='word_1_50' title='bbox 243 1360 343 1422; x_wconf 86' lang='lat' dir='ltr'>genus</span> <span class='ocrx_word' id='word_1_51' title='bbox 377 1338 498 1401; x_wconf 87' lang='lat' dir='ltr'>fraudis</span> <span class='ocrx_word' id='word_1_52' title='bbox 533 1339 750 1422; x_wconf 82' lang='lat' dir='ltr'>scelerumque</span> <span class='ocrx_word' id='word_1_53' title='bbox 786 1341 984 1403; x_wconf 82' lang='lat' dir='ltr'>committere</span> <span class='ocrx_word' id='word_1_54' title='bbox 1016 1341 1112 1423; x_wconf 76' lang='lat' dir='ltr'>cogit,</span> <span class='ocrx_word' id='word_1_55' title='bbox 1138 1362 1177 1402; x_wconf 91' lang='lat' dir='ltr'>ne</span> <span class='ocrx_word' id='word_1_56' title='bbox 1201 1341 1305 1422; x_wconf 88' lang='lat' dir='ltr'>pudor</span> 
     </span>
     <span class='ocr_line' id='line_1_9' title="bbox 243 1463 1304 1548; baseline 0.001 -23"><span class='ocrx_word' id='word_1_57' title='bbox 243 1463 371 1545; x_wconf 88' lang='lat' dir='ltr'>quidem</span> <span class='ocrx_word' id='word_1_58' title='bbox 406 1465 520 1538; x_wconf 84' lang='lat' dir='ltr'>obstat,</span> <span class='ocrx_word' id='word_1_59' title='bbox 554 1486 629 1526; x_wconf 87' lang='lat' dir='ltr'>nam</span> <span class='ocrx_word' id='word_1_60' title='bbox 659 1465 743 1526; x_wconf 90' lang='lat' dir='ltr'>inter</span> <span class='ocrx_word' id='word_1_61' title='bbox 766 1465 798 1526; x_wconf 90' lang='lat' dir='ltr'>id</span> <span class='ocrx_word' id='word_1_62' title='bbox 822 1486 923 1548; x_wconf 83' lang='lat' dir='ltr'>genus</span> <span class='ocrx_word' id='word_1_63' title='bbox 946 1465 1091 1528; x_wconf 89' lang='lat' dir='ltr'>homines</span> <span class='ocrx_word' id='word_1_64' title='bbox 1116 1466 1216 1547; x_wconf 90' lang='lat' dir='ltr'>pudor</span> <span class='ocrx_word' id='word_1_65' title='bbox 1238 1467 1304 1527; x_wconf 89' lang='lat' dir='ltr'>iam</span> 
     </span>
    </p>
   </div>
   <div class='ocr_carea' id='block_1_3' title="bbox 244 1588 832 1671">
    <p class='ocr_par' dir='ltr' id='par_1_3' title="bbox 244 1588 832 1671">
     <span class='ocr_line' id='line_1_10' title="bbox 244 1588 832 1671; baseline 0.002 -20"><span class='ocrx_word' id='word_1_66' title='bbox 244 1588 297 1651; x_wconf 93' lang='lat' dir='ltr'>diu</span> <span class='ocrx_word' id='word_1_67' title='bbox 321 1589 494 1652; x_wconf 84' lang='lat' dir='ltr'>exstinctus</span> <span class='ocrx_word' id='word_1_68' title='bbox 519 1591 566 1650; x_wconf 92' lang='lat' dir='ltr'>est</span> <span class='ocrx_word' id='word_1_69' title='bbox 590 1588 653 1668; x_wconf 90' lang='grc'><strong>(11.</strong></span> <span class='ocrx_word' id='word_1_70' title='bbox 678 1590 832 1671; x_wconf 58' lang='lat' dir='ltr'>alt-st).</span> 
     </span>
    </p>
   </div>
   <div class='ocr_carea' id='block_1_4' title="bbox 352 1711 1305 1798">
    <p class='ocr_par' dir='ltr' id='par_1_4' title="bbox 352 1711 1305 1798">
     <span class='ocr_line' id='line_1_11' title="bbox 352 1711 1305 1798; baseline 0.003 -23"><span class='ocrx_word' id='word_1_71' title='bbox 352 1711 388 1776; x_wconf 92' lang='lat' dir='ltr'>ln</span> <span class='ocrx_word' id='word_1_72' title='bbox 414 1714 517 1776; x_wconf 85' lang='lat' dir='ltr'>altera</span> <span class='ocrx_word' id='word_1_73' title='bbox 538 1719 628 1796; x_wconf 81' lang='lat' dir='ltr'>parte</span> <span class='ocrx_word' id='word_1_74' title='bbox 646 1715 751 1778; x_wconf 87' lang='lat' dir='ltr'>satirae</span> <span class='ocrx_word' id='word_1_75' title='bbox 769 1711 928 1777; x_wconf 85' lang='lat' dir='ltr'>Iuvenalis</span> <span class='ocrx_word' id='word_1_76' title='bbox 945 1737 977 1777; x_wconf 90' lang='lat' dir='ltr'>se</span> <span class='ocrx_word' id='word_1_77' title='bbox 991 1715 1045 1777; x_wconf 89' lang='lat' dir='ltr'>illa</span> <span class='ocrx_word' id='word_1_78' title='bbox 1065 1719 1227 1798; x_wconf 74' lang='lat' dir='ltr'>praecepta</span> <span class='ocrx_word' id='word_1_79' title='bbox 1241 1737 1305 1778; x_wconf 91' lang='lat' dir='ltr'>non</span> 
     </span>
    </p>
   </div>
   <div class='ocr_carea' id='block_1_5' title="bbox 244 1839 1304 1922">
    <p class='ocr_par' dir='ltr' id='par_1_5' title="bbox 244 1839 1304 1922">
     <span class='ocr_line' id='line_1_12' title="bbox 244 1839 1304 1922; baseline 0.002 -23"><span class='ocrx_word' id='word_1_80' title='bbox 244 1840 336 1901; x_wconf 91' lang='lat' dir='ltr'>modo</span> <span class='ocrx_word' id='word_1_81' title='bbox 359 1839 465 1902; x_wconf 81' lang='lat' dir='ltr'>verbis</span> <span class='ocrx_word' id='word_1_82' title='bbox 490 1840 708 1901; x_wconf 87' lang='lat' dir='ltr'>verumetiam</span> <span class='ocrx_word' id='word_1_83' title='bbox 726 1861 760 1902; x_wconf 90' lang='lat' dir='ltr'>re</span> <span class='ocrx_word' id='word_1_84' title='bbox 778 1861 845 1902; x_wconf 88' lang='lat' dir='ltr'>esse</span> <span class='ocrx_word' id='word_1_85' title='bbox 862 1840 1140 1922; x_wconf 86' lang='lat' dir='ltr'>comprobaturum</span> <span class='ocrx_word' id='word_1_86' title='bbox 1156 1840 1304 1920; x_wconf 80' lang='lat' dir='ltr'>ostendit.</span> 
     </span>
    </p>
   </div>
   <div class='ocr_carea' id='block_1_6' title="bbox 217 1960 1309 4042">
    <p class='ocr_par' dir='ltr' id='par_1_6' title="bbox 217 1960 1308 3668">
     <span class='ocr_line' id='line_1_13' title="bbox 246 1960 1308 2046; baseline 0.002 -22"><span class='ocrx_word' id='word_1_87' title='bbox 246 1960 364 2026; x_wconf 83' lang='lat' dir='ltr'>Invitat</span> <span class='ocrx_word' id='word_1_88' title='bbox 387 1963 549 2026; x_wconf 87' lang='lat' dir='ltr'>Persicum</span> <span class='ocrx_word' id='word_1_89' title='bbox 575 1965 613 2026; x_wconf 88' lang='lat' dir='ltr'>ad</span> <span class='ocrx_word' id='word_1_90' title='bbox 638 1986 758 2040; x_wconf 76' lang='lat' dir='ltr'>cenam,</span> <span class='ocrx_word' id='word_1_91' title='bbox 783 1964 885 2046; x_wconf 87' lang='lat' dir='ltr'>qualis</span> <span class='ocrx_word' id='word_1_92' title='bbox 909 1963 978 2028; x_wconf 88' lang='lat' dir='ltr'>haec</span> <span class='ocrx_word' id='word_1_93' title='bbox 994 1963 1102 2026; x_wconf 89' lang='lat' dir='ltr'>futura</span> <span class='ocrx_word' id='word_1_94' title='bbox 1117 1964 1160 2027; x_wconf 87' lang='lat' dir='ltr'>sit</span> <span class='ocrx_word' id='word_1_95' title='bbox 1176 1965 1308 2046; x_wconf 79' lang='lat' dir='ltr'>exponit</span> 
     </span>
     <span class='ocr_line' id='line_1_14' title="bbox 246 2087 1307 2172; baseline 0.002 -22"><span class='ocrx_word' id='word_1_96' title='bbox 246 2087 309 2168; x_wconf 87' lang='lat' dir='ltr'>(vv.</span> <span class='ocrx_word' id='word_1_97' title='bbox 346 2087 500 2169; x_wconf 78' lang='lat'>56--63).</span> <span class='ocrx_word' id='word_1_98' title='bbox 548 2087 681 2152; x_wconf 84' lang='lat' dir='ltr'>Fercula</span> <span class='ocrx_word' id='word_1_99' title='bbox 716 2089 815 2172; x_wconf 83' lang='lat' dir='ltr'>igitur</span> <span class='ocrx_word' id='word_1_100' title='bbox 851 2089 890 2152; x_wconf 88' lang='lat' dir='ltr'>ab</span> <span class='ocrx_word' id='word_1_101' title='bbox 925 2089 990 2152; x_wconf 85' lang='lat' dir='ltr'>ovis</span> <span class='ocrx_word' id='word_1_102' title='bbox 1022 2110 1121 2171; x_wconf 86' lang='lat' dir='ltr'>usque</span> <span class='ocrx_word' id='word_1_103' title='bbox 1158 2090 1198 2151; x_wconf 88' lang='lat' dir='ltr'>ad</span> <span class='ocrx_word' id='word_1_104' title='bbox 1221 2089 1307 2152; x_wconf 84' lang='lat' dir='ltr'>mala</span> 
     </span>
     <span class='ocr_line' id='line_1_15' title="bbox 246 2212 1307 2296; baseline 0.002 -22"><span class='ocrx_word' id='word_1_105' title='bbox 246 2216 471 2276; x_wconf 89' lang='lat' dir='ltr'>enumerantur</span> <span class='ocrx_word' id='word_1_106' title='bbox 505 2212 568 2292; x_wconf 86' lang='grc'><strong>(11.</strong></span> <span class='ocrx_word' id='word_1_107' title='bbox 606 2213 760 2295; x_wconf 59' lang='lat' dir='ltr'>til-⁴76),</span> <span class='ocrx_word' id='word_1_108' title='bbox 796 2214 909 2276; x_wconf 92' lang='lat' dir='ltr'>deinde</span> <span class='ocrx_word' id='word_1_109' title='bbox 945 2214 1069 2296; x_wconf 81' lang='lat' dir='ltr'>copiose</span> <span class='ocrx_word' id='word_1_110' title='bbox 1106 2214 1232 2286; x_wconf 88' lang='lat' dir='ltr'>disserit</span> <span class='ocrx_word' id='word_1_111' title='bbox 1266 2214 1307 2276; x_wconf 88' lang='lat' dir='ltr'>de</span> 
     </span>
     <span class='ocr_line' id='line_1_16' title="bbox 245 2325 1304 2422; baseline 0 -22"><span class='ocrx_word' id='word_1_112' title='bbox 245 2339 358 2421; x_wconf 87' lang='lat' dir='ltr'>priscis</span> <span class='ocrx_word' id='word_1_113' title='bbox 393 2325 589 2420; x_wconf 84' lang='lat' dir='ltr'>temporibus</span> <span class='ocrx_word' id='word_1_114' title='bbox 625 2340 725 2422; x_wconf 88' lang='lat' dir='ltr'>deque</span> <span class='ocrx_word' id='word_1_115' title='bbox 758 2337 949 2416; x_wconf 84' lang='lat' dir='ltr'>hominibus,</span> <span class='ocrx_word' id='word_1_116' title='bbox 974 2339 1121 2421; x_wconf 89' lang='lat' dir='ltr'>quitum</span> <span class='ocrx_word' id='word_1_117' title='bbox 1144 2338 1304 2412; x_wconf 81' lang='lat' dir='ltr'>vivebant,</span> 
     </span>
     <span class='ocr_line' id='line_1_17' title="bbox 246 2463 1308 2548; baseline -0.002 -22"><span class='ocrx_word' id='word_1_118' title='bbox 246 2487 379 2548; x_wconf 90' lang='lat' dir='ltr'>quorum</span> <span class='ocrx_word' id='word_1_119' title='bbox 413 2465 652 2547; x_wconf 89' lang='lat' dir='ltr'>simplicitatem</span> <span class='ocrx_word' id='word_1_120' title='bbox 683 2468 715 2526; x_wconf 88' lang='lat' dir='ltr'>et</span> <span class='ocrx_word' id='word_1_121' title='bbox 738 2463 974 2546; x_wconf 75' lang='lat' dir='ltr'>parsimoniam,</span> <span class='ocrx_word' id='word_1_122' title='bbox 1000 2463 1059 2525; x_wconf 89' lang='lat' dir='ltr'>diis</span> <span class='ocrx_word' id='word_1_123' title='bbox 1083 2483 1207 2545; x_wconf 92' lang='lat' dir='ltr'>quoque</span> <span class='ocrx_word' id='word_1_124' title='bbox 1232 2484 1308 2546; x_wconf 82' lang='lat' dir='ltr'>gra-</span> 
     </span>
     <span class='ocr_line' id='line_1_18' title="bbox 246 2586 1306 2668; baseline -0.001 -17"><span class='ocrx_word' id='word_1_125' title='bbox 246 2593 322 2666; x_wconf 79' lang='lat' dir='ltr'>tam,</span> <span class='ocrx_word' id='word_1_126' title='bbox 359 2589 451 2652; x_wconf 77' lang='lat' dir='ltr'>elrrtis</span> <span class='ocrx_word' id='word_1_127' title='bbox 487 2590 591 2653; x_wconf 88' lang='lat' dir='ltr'>verbis</span> <span class='ocrx_word' id='word_1_128' title='bbox 626 2612 714 2652; x_wconf 92' lang='lat' dir='ltr'>more</span> <span class='ocrx_word' id='word_1_129' title='bbox 749 2612 805 2653; x_wconf 91' lang='lat' dir='ltr'>suo</span> <span class='ocrx_word' id='word_1_130' title='bbox 841 2588 1000 2651; x_wconf 88' lang='lat' dir='ltr'>collaudat</span> <span class='ocrx_word' id='word_1_131' title='bbox 1035 2586 1099 2667; x_wconf 83' lang='lat' dir='ltr'><strong>(vv.</strong></span> <span class='ocrx_word' id='word_1_132' title='bbox 1130 2586 1306 2668; x_wconf 81' lang='lat'>77—119).</span> 
     </span>
     <span class='ocr_line' id='line_1_19' title="bbox 247 2713 1306 2798; baseline -0.002 -22"><span class='ocrx_word' id='word_1_133' title='bbox 247 2713 367 2788; x_wconf 75' lang='lat' dir='ltr'>Quibus</span> <span class='ocrx_word' id='word_1_134' title='bbox 403 2715 541 2798; x_wconf 84' lang='lat' dir='ltr'>aequales</span> <span class='ocrx_word' id='word_1_135' title='bbox 577 2737 648 2778; x_wconf 85' lang='lat' dir='ltr'>suos</span> <span class='ocrx_word' id='word_1_136' title='bbox 684 2715 822 2798; x_wconf 84' lang='lat' dir='ltr'>opponit,</span> <span class='ocrx_word' id='word_1_137' title='bbox 858 2715 1017 2777; x_wconf 88' lang='lat' dir='ltr'>luxuriam</span> <span class='ocrx_word' id='word_1_138' title='bbox 1052 2735 1159 2776; x_wconf 88' lang='lat' dir='ltr'>eornm</span> <span class='ocrx_word' id='word_1_139' title='bbox 1193 2713 1306 2776; x_wconf 87' lang='lat' dir='ltr'>acerbe</span> 
     </span>
     <span class='ocr_line' id='line_1_20' title="bbox 246 2837 1306 2922; baseline -0.003 -20"><span class='ocrx_word' id='word_1_140' title='bbox 246 2839 431 2922; x_wconf 85' lang='lat' dir='ltr'>vituperans</span> <span class='ocrx_word' id='word_1_141' title='bbox 466 2839 529 2921; x_wconf 84' lang='grc'><strong>(11.</strong></span> <span class='ocrx_word' id='word_1_142' title='bbox 567 2841 764 2921; x_wconf 83' lang='grc'><strong>120-129).</strong></span> <span class='ocrx_word' id='word_1_143' title='bbox 811 2837 901 2902; x_wconf 89' lang='lat' dir='ltr'>Nihil</span> <span class='ocrx_word' id='word_1_144' title='bbox 938 2839 1056 2922; x_wconf 82' lang='lat' dir='ltr'>negotii</span> <span class='ocrx_word' id='word_1_145' title='bbox 1085 2859 1118 2900; x_wconf 90' lang='lat' dir='ltr'>se</span> <span class='ocrx_word' id='word_1_146' title='bbox 1143 2860 1214 2900; x_wconf 93' lang='lat' dir='ltr'>cum</span> <span class='ocrx_word' id='word_1_147' title='bbox 1238 2837 1306 2900; x_wconf 87' lang='lat' dir='ltr'>istis</span> 
     </span>
     <span class='ocr_line' id='line_1_21' title="bbox 246 2960 1306 3045; baseline -0.003 -19"><span class='ocrx_word' id='word_1_148' title='bbox 246 2963 428 3028; x_wconf 88' lang='lat' dir='ltr'>hominibus</span> <span class='ocrx_word' id='word_1_149' title='bbox 463 2966 540 3028; x_wconf 89' lang='lat' dir='ltr'>dicit</span> <span class='ocrx_word' id='word_1_150' title='bbox 567 2964 685 3028; x_wconf 85' lang='lat' dir='ltr'>habere</span> <span class='ocrx_word' id='word_1_151' title='bbox 709 2965 772 3045; x_wconf 92' lang='grc'><strong>(11.</strong></span> <span class='ocrx_word' id='word_1_152' title='bbox 799 2965 996 3044; x_wconf 70' lang='lat' dir='ltr'>lna—131).</span> <span class='ocrx_word' id='word_1_153' title='bbox 1043 2960 1142 3025; x_wconf 84' lang='lat' dir='ltr'>Nulla</span> <span class='ocrx_word' id='word_1_154' title='bbox 1167 2961 1250 3043; x_wconf 91' lang='lat' dir='ltr'>apud</span> <span class='ocrx_word' id='word_1_155' title='bbox 1272 2983 1306 3022; x_wconf 88' lang='lat' dir='ltr'>se</span> 
     </span>
     <span class='ocr_line' id='line_1_22' title="bbox 217 3087 1307 3168; baseline -0.005 -17"><span class='ocrx_word' id='word_1_156' title='bbox 217 3094 221 3104; x_wconf 92' lang='lat'>&#39;</span> <span class='ocrx_word' id='word_1_157' title='bbox 248 3090 457 3153; x_wconf 85' lang='lat' dir='ltr'>invitamenta</span> <span class='ocrx_word' id='word_1_158' title='bbox 492 3091 531 3153; x_wconf 86' lang='lat' dir='ltr'>ad</span> <span class='ocrx_word' id='word_1_159' title='bbox 566 3090 725 3153; x_wconf 86' lang='lat' dir='ltr'>luxuriam</span> <span class='ocrx_word' id='word_1_160' title='bbox 760 3111 827 3152; x_wconf 90' lang='lat' dir='ltr'>esse</span> <span class='ocrx_word' id='word_1_161' title='bbox 863 3088 926 3166; x_wconf 90' lang='grc'><strong>(11.</strong></span> <span class='ocrx_word' id='word_1_162' title='bbox 954 3087 1156 3166; x_wconf 84' lang='grc'><strong>131--135);</strong></span> <span class='ocrx_word' id='word_1_163' title='bbox 1193 3107 1307 3168; x_wconf 88' lang='lat' dir='ltr'>pueros</span> 
     </span>
     <span class='ocr_line' id='line_1_23' title="bbox 248 3210 1306 3299; baseline -0.005 -23"><span class='ocrx_word' id='word_1_164' title='bbox 248 3215 401 3295; x_wconf 71' lang='lat' dir='ltr'>ingenuos</span> <span class='ocrx_word' id='word_1_165' title='bbox 425 3237 610 3298; x_wconf 91' lang='lat' dir='ltr'>morumque</span> <span class='ocrx_word' id='word_1_166' title='bbox 633 3215 820 3299; x_wconf 78' lang='lat' dir='ltr'>integritate</span> <span class='ocrx_word' id='word_1_167' title='bbox 837 3213 1011 3276; x_wconf 86' lang='lat' dir='ltr'>laudandos</span> <span class='ocrx_word' id='word_1_168' title='bbox 1028 3211 1091 3292; x_wconf 84' lang='grc'><strong>(11.</strong></span> <span class='ocrx_word' id='word_1_169' title='bbox 1111 3210 1306 3282; x_wconf 78' lang='lat' dir='ltr'>rso-161).</span> 
     </span>
     <span class='ocr_line' id='line_1_24' title="bbox 248 3333 1305 3432; baseline -0.005 -31"><span class='ocrx_word' id='word_1_170' title='bbox 248 3337 380 3402; x_wconf 88' lang='lat' dir='ltr'>Nullum</span> <span class='ocrx_word' id='word_1_171' title='bbox 404 3341 449 3405; x_wconf 89' lang='lat' dir='ltr'>ibi</span> <span class='ocrx_word' id='word_1_172' title='bbox 471 3342 576 3432; x_wconf 88' lang='lat' dir='ltr'>locum</span> <span class='ocrx_word' id='word_1_173' title='bbox 600 3363 668 3404; x_wconf 87' lang='lat' dir='ltr'>esse</span> <span class='ocrx_word' id='word_1_174' title='bbox 685 3339 900 3402; x_wconf 87' lang='lat' dir='ltr'>saltatricibus</span> <span class='ocrx_word' id='word_1_175' title='bbox 917 3341 973 3399; x_wconf 91' lang='lat' dir='ltr'>aut</span> <span class='ocrx_word' id='word_1_176' title='bbox 988 3337 1055 3400; x_wconf 88' lang='lat' dir='ltr'>eius</span> <span class='ocrx_word' id='word_1_177' title='bbox 1072 3335 1157 3398; x_wconf 89' lang='lat' dir='ltr'>modi</span> <span class='ocrx_word' id='word_1_178' title='bbox 1175 3333 1305 3409; x_wconf 89' lang='lat' dir='ltr'>scurris;</span> 
     </span>
     <span class='ocr_line' id='line_1_25' title="bbox 249 3460 1308 3547; baseline -0.006 -21"><span class='ocrx_word' id='word_1_179' title='bbox 249 3465 441 3529; x_wconf 86' lang='lat' dir='ltr'>carminibus</span> <span class='ocrx_word' id='word_1_180' title='bbox 464 3487 497 3529; x_wconf 86' lang='lat' dir='ltr'>se</span> <span class='ocrx_word' id='word_1_181' title='bbox 524 3465 655 3529; x_wconf 89' lang='lat' dir='ltr'>Homeri</span> <span class='ocrx_word' id='word_1_182' title='bbox 679 3470 711 3528; x_wconf 89' lang='lat' dir='ltr'>et</span> <span class='ocrx_word' id='word_1_183' title='bbox 734 3463 871 3547; x_wconf 82' lang='lat' dir='ltr'>Vergilii</span> <span class='ocrx_word' id='word_1_184' title='bbox 896 3462 1032 3525; x_wconf 69' lang='lat' dir='ltr'>anticum</span> <span class='ocrx_word' id='word_1_185' title='bbox 1056 3483 1147 3524; x_wconf 90' lang='lat' dir='ltr'>suum</span> <span class='ocrx_word' id='word_1_186' title='bbox 1172 3460 1308 3523; x_wconf 83' lang='lat' dir='ltr'>delecta-</span> 
     </span>
     <span class='ocr_line' id='line_1_26' title="bbox 250 3591 759 3668; baseline 0.002 -18"><span class='ocrx_word' id='word_1_187' title='bbox 250 3593 355 3654; x_wconf 90' lang='lat' dir='ltr'>turum</span> <span class='ocrx_word' id='word_1_188' title='bbox 379 3612 447 3654; x_wconf 83' lang='lat' dir='ltr'>esse</span> <span class='ocrx_word' id='word_1_189' title='bbox 471 3591 534 3668; x_wconf 85' lang='grc'><strong>(11.</strong></span> <span class='ocrx_word' id='word_1_190' title='bbox 563 3592 759 3665; x_wconf 76' lang='lat' dir='ltr'>lon-182).</span> 
     </span>
    </p>

    <p class='ocr_par' dir='ltr' id='par_1_7' title="bbox 250 3703 1309 4042">
     <span class='ocr_line' id='line_1_27' title="bbox 356 3703 1309 3799; baseline -0.008 -20"><span class='ocrx_word' id='word_1_191' title='bbox 356 3715 455 3791; x_wconf 73' lang='lat' dir='ltr'>Quam</span> <span class='ocrx_word' id='word_1_192' title='bbox 492 3718 532 3780; x_wconf 89' lang='lat' dir='ltr'>ob</span> <span class='ocrx_word' id='word_1_193' title='bbox 566 3738 633 3779; x_wconf 88' lang='lat' dir='ltr'>rem</span> <span class='ocrx_word' id='word_1_194' title='bbox 668 3703 826 3799; x_wconf 47' lang='lat' dir='ltr'>petit&#39;ab</span> <span class='ocrx_word' id='word_1_195' title='bbox 862 3712 973 3788; x_wconf 80' lang='lat' dir='ltr'>amico,</span> <span class='ocrx_word' id='word_1_196' title='bbox 1010 3714 1045 3773; x_wconf 88' lang='lat' dir='ltr'>ut</span> <span class='ocrx_word' id='word_1_197' title='bbox 1069 3710 1202 3774; x_wconf 87' lang='lat' dir='ltr'>abiectis</span> <span class='ocrx_word' id='word_1_198' title='bbox 1227 3709 1309 3772; x_wconf 86' lang='lat' dir='ltr'>euris</span> 
     </span>
     <span class='ocr_line' id='line_1_28' title="bbox 250 3834 1309 3926; baseline -0.008 -22"><span class='ocrx_word' id='word_1_199' title='bbox 250 3863 345 3926; x_wconf 89' lang='lat' dir='ltr'>quam</span> <span class='ocrx_word' id='word_1_200' title='bbox 370 3841 532 3906; x_wconf 89' lang='lat' dir='ltr'>celerrime</span> <span class='ocrx_word' id='word_1_201' title='bbox 557 3841 664 3904; x_wconf 85' lang='lat' dir='ltr'>veniat</span> <span class='ocrx_word' id='word_1_202' title='bbox 688 3839 751 3919; x_wconf 88' lang='grc'><strong>(11.</strong></span> <span class='ocrx_word' id='word_1_203' title='bbox 779 3836 975 3918; x_wconf 69' lang='lat' dir='ltr'>los-192).</span> <span class='ocrx_word' id='word_1_204' title='bbox 1023 3834 1110 3898; x_wconf 89' lang='lat' dir='ltr'>Petit</span> <span class='ocrx_word' id='word_1_205' title='bbox 1133 3837 1168 3897; x_wconf 89' lang='lat' dir='ltr'>ut</span> <span class='ocrx_word' id='word_1_206' title='bbox 1192 3834 1309 3896; x_wconf 86' lang='lat' dir='ltr'>circum</span> 
     </span>
     <span class='ocr_line' id='line_1_29' title="bbox 250 3960 1309 4042; baseline -0.009 -12"><span class='ocrx_word' id='word_1_207' title='bbox 250 3989 289 4030; x_wconf 86' lang='lat' dir='ltr'>ne</span> <span class='ocrx_word' id='word_1_208' title='bbox 314 3967 487 4030; x_wconf 85' lang='lat' dir='ltr'>desideret:</span> <span class='ocrx_word' id='word_1_209' title='bbox 517 3967 634 4029; x_wconf 89' lang='lat' dir='ltr'>circum</span> <span class='ocrx_word' id='word_1_210' title='bbox 660 3967 699 4028; x_wconf 89' lang='lat' dir='ltr'>ad</span> <span class='ocrx_word' id='word_1_211' title='bbox 723 3966 862 4040; x_wconf 82' lang='lat' dir='ltr'>invenes,</span> <span class='ocrx_word' id='word_1_212' title='bbox 887 3983 948 4024; x_wconf 90' lang='lat' dir='ltr'>non</span> <span class='ocrx_word' id='word_1_213' title='bbox 973 3961 1011 4023; x_wconf 86' lang='lat' dir='ltr'>ad</span> <span class='ocrx_word' id='word_1_214' title='bbox 1036 3981 1126 4022; x_wconf 88' lang='lat' dir='ltr'>senes</span> <span class='ocrx_word' id='word_1_215' title='bbox 1150 3960 1309 4042; x_wconf 89' lang='lat' dir='ltr'>pertinere</span> 
     </span>
    </p>
   </div>
   <div class='ocr_carea' id='block_1_7' title="bbox 251 4083 1311 4173">
    <p class='ocr_par' dir='ltr' id='par_1_8' title="bbox 251 4083 1311 4173">
     <span class='ocr_line' id='line_1_30' title="bbox 251 4083 1311 4173; baseline -0.011 -16"><span class='ocrx_word' id='word_1_216' title='bbox 251 4093 314 4173; x_wconf 89' lang='grc'><strong>(11.</strong></span> <span class='ocrx_word' id='word_1_217' title='bbox 351 4091 548 4172; x_wconf 77' lang='grc'><strong>193-202).</strong></span> <span class='ocrx_word' id='word_1_218' title='bbox 595 4091 717 4154; x_wconf 87' lang='lat' dir='ltr'>Maiora</span> <span class='ocrx_word' id='word_1_219' title='bbox 758 4111 824 4152; x_wconf 87' lang='lat' dir='ltr'>esse</span> <span class='ocrx_word' id='word_1_220' title='bbox 860 4088 1103 4163; x_wconf 87' lang='lat' dir='ltr'>oblectamenta,</span> <span class='ocrx_word' id='word_1_221' title='bbox 1139 4105 1209 4167; x_wconf 86' lang='lat' dir='ltr'>quaa</span> <span class='ocrx_word' id='word_1_222' title='bbox 1246 4083 1311 4146; x_wconf 90' lang='lat' dir='ltr'>ruri</span> 
     </span>
    </p>
   </div>
   <div class='ocr_carea' id='block_1_8' title="bbox 0 0 1446 4820">
    <p class='ocr_par' dir='ltr' id='par_1_9' title="bbox 0 0 1446 4820">
     <span class='ocr_line' id='line_1_31' title="bbox 0 0 1446 4820; baseline 0 0"><span class='ocrx_word' id='word_1_223' title='bbox 0 0 1446 4820; x_wconf 95' lang='lat' dir='ltr'> </span> 
     </span>
    </p>
   </div>
  </div>
 </body>
</html>
