2854 4828
551 395 725 462 „271—

95 599 179 639 usus
214 577 278 640 late
314 579 412 659 patet.
459 575 496 640 In
526 578 564 640 iis
589 577 705 655 satiris,
730 599 808 660 quas
831 577 864 640 in
887 576 947 640 hoc
971 576 1079 640 libello
1101 576 1166 639 iam

93 701 322 779 tractavimus,
347 703 542 766 enumeratio
565 724 623 785 per
646 701 727 764 banc
750 701 941 785 particulam
964 702 1166 765 continuatur

21 877 24 882 .
96 823 161 888 IX.
188 827 240 904 89,
268 827 341 904 145,
365 825 404 889 X.
431 827 504 904 217,
530 829 604 891 300.
644 827 687 890 Et
710 826 860 910 quoniam
884 827 917 888 in
935 848 1044 889 mensa
1060 826 1166 890 sobria

94 951 314 1014 describenda
336 954 490 1029 versatur,
516 954 707 1034 potestatem
730 951 828 1015 habet
845 952 998 1016 advitam
1016 955 1047 1014 et
1063 973 1165 1015 mores

74 1075 259 1150 ,maiorum
283 1076 466 1138 transeundi
491 1075 533 1156 (v.
560 1075 614 1158 77)
640 1079 671 1139 et
694 1080 803 1140 vetera
826 1077 1002 1158 repetendi,
1026 1077 1059 1142 id
1082 1077 1165 1158 quod

94 1201 131 1262 in
171 1199 278 1262 satiris
313 1200 380 1262 eius
416 1221 500 1282 saepe
531 1201 577 1277 fit,
601 1222 659 1264 nec
683 1223 833 1285 umquam
857 1202 923 1264 fere
947 1201 1048 1264 maior
1071 1205 1166 1283 poeta

94 1324 194 1388 nobis
228 1325 363 1402 videtur,
400 1347 495 1406 quam
530 1326 585 1400 ubi
614 1327 750 1408 pristina
774 1327 829 1389 illa
852 1329 996 1407 tempora
1019 1325 1165 1388 laudibus

97 1449 240 1512 extollit.
288 1449 459 1513 Continuat
494 1449 575 1513 hanc
611 1451 810 1534 antiquitatis
834 1451 1166 1514 commemorationem

97 1595 202 1656 usque
236 1574 329 1636 adv.
356 1575 428 1638 120.
475 1573 718 1639 Praeclarissimi
740 1597 850 1639 versus
875 1579 906 1637 et
932 1575 1011 1638 belle
1036 1596 1165 1657 compo·
1266 1630 1268 1634 ,

97 1698 164 1774 siti,
190 1720 325 1780 quorum
350 1697 542 1762 cohaerentia
566 1721 628 1764 non
652 1724 670 1762 a
692 1699 802 1763 multis
818 1699 1071 1782 reprehenditur,
1089 1699 1165 1782 quia

98 1823 293 1906 reprehendi
316 1847 378 1888 non
402 1823 496 1888 facile
520 1825 647 1907 poterit.
686 1823 803 1908 incipit
824 1828 917 1908 poeta
934 1848 951 1886 a
967 1823 1164 1906 simplicibus

98 1949 242 2028 ferculis
279 1971 349 2032 quae
385 1949 448 2012 illis
484 1949 680 2031 temporibus
717 1950 750 2012 in
781 1949 898 2012 mensis
923 1950 1165 2032 apponebantur

97 2079 142 2149 (v.
182 2075 248 2156 78),
286 2074 399 2136 deinde
435 2073 489 2156 qui
524 2074 663 2137 convivae
699 2074 829 2151 fuerint,
865 2073 1004 2138 ostendit
1027 2073 1069 2154 (v.
1095 2075 1163 2153 86),

99 2196 183 2260 Tum
217 2197 306 2260 venit
340 2199 381 2260 ad
415 2197 647 2280 supellectilem
675 2197 717 2278 (v.
742 2198 807 2280 90),
841 2219 910 2280 quae
935 2197 1070 2280 simplex
1094 2203 1163 2261 erat

99 2327 131 2384 et
167 2321 236 2412 sine
271 2321 440 2410 munditia
474 2323 613 2385 nondum
643 2323 728 2386 enim
750 2323 840 2386 miles
864 2322 1026 2386 Romanus
1051 2321 1163 2386 Graias

98 2451 185 2510 artes
226 2447 376 2510 admirari
416 2447 571 2510 didicerat
606 2447 648 2528 (v.
686 2449 771 2524 100).
818 2444 854 2509 ln
891 2448 1022 2511 dubium
1056 2448 1162 2510 vocari
1291 2465 1295 2473 ‘

99 2574 217 2654 potest,
253 2593 329 2634 num
362 2571 422 2636 hoc
458 2571 610 2636 Romanis
645 2572 757 2636 honori
781 2572 888 2650 fuerit,
912 2572 966 2636 sed
991 2570 1162 2652 Iuvenalis

99 2697 184 2780 quod
224 2718 308 2778 saepe
348 2697 494 2774 vidimus,
534 2695 695 2761 Graeculos
735 2697 930 2779 despiciebat
968 2700 1063 2778 atque
1103 2696 1162 2760 hoc

99 2843 226 2904 quoque
261 2820 331 2884 loco
364 2843 426 2884 non
454 2821 521 2884 sine
545 2821 689 2885 irrisione
714 2821 821 2904 aliqua
846 2823 883 2884 de
908 2821 1029 2884 artibus
1054 2842 1163 2884 eorum

100 2946 187 3030 loqui
210 2947 346 3010 videtur.
392 2945 485 3009 Illam
507 2968 632 3009 morum
655 2946 902 3028 simplicitatem,
919 2947 1007 3010 illam
1024 2947 1161 3029 priscam

97 3075 132 3134 et
164 3092 274 3135 veram
309 3071 459 3135 virtutem
495 3070 554 3134 diis
578 3093 701 3160 quoque
726 3079 851 3154 gratam
874 3072 982 3150 fuisse,
1007 3071 1161 3154 exemplis

98 3195 240 3259 ostendit
264 3194 306 3276 (v.
332 3195 420 3277 111).
456 3193 616 3260 Transitio
639 3219 658 3258 a
681 3195 808 3278 templis
833 3200 865 3259 et
889 3196 948 3259 diis
973 3197 1161 3260 admensus

101 3341 139 3382 ex
160 3321 252 3404 ligno
275 3320 376 3384 factas
400 3321 571 3384 temeraria
595 3320 695 3384 videri
719 3323 832 3403 potest,
858 3293 1038 3384 defenditur
1054 3323 1161 3386 tamen

94 3462 147 3523 ·-e0‚
168 3445 253 3528 quod
278 3448 372 3528 poeta
395 3446 428 3508 in
451 3445 642 3528 supellectili
667 3445 874 3509 describenda
897 3449 1042 3509 versatur
1065 3449 1160 3530 atque
1223 3421 1226 3428 Ι

102 3570 293 3654 templorum
328 3571 518 3653 deorumque
553 3571 748 3634 mentionem
781 3573 945 3652 tamquam
979 3570 1013 3632 in
1045 3592 1161 3652 paren-

100 3694 183 3758 thesi
206 3695 293 3759 fecit.

206 3819 366 3884 Transitio
390 3842 460 3903 quae
486 3823 534 3883 est
556 3843 585 3883 v.
613 3821 675 3882 120
691 3821 782 3883 tanto
797 3819 921 3882 facilior
938 3818 1041 3881 estad
1058 3818 1160 3904 expli·

101 3945 244 4008 candum.
292 3942 361 4008 Iam
395 3946 488 4026 poeta
524 3944 661 4027 aequales
695 3945 734 4008 ob
758 3944 904 4006 insanam
926 3942 1094 4021 luxuriam,
1119 3943 1159 4007 ob

104 4068 263 4134 fastidium
287 4072 319 4133 et
342 4069 525 4151 superbiam
549 4067 780 4151 reprehendere
804 4069 921 4152 pergit.
957 4067 1035 4132 Cum
1051 4089 1160 4132 eorum
