2854 4828
546 488 719 550 ..33-

204 659 280 736 Quae
317 683 389 725 oum
423 663 469 725 ita
503 663 577 741 sint,
598 663 809 726 xmirationem
833 686 908 726 sane
932 664 1019 744 facit,
1044 665 1159 728 multos

81 790 121 849 et
150 787 261 850 doctos
284 786 369 850 viros
394 801 526 850 omnem*
543 788 610 850 fere
635 811 653 850 a
676 785 827 851 Iuvenale
851 788 1036 852 facultatem
1063 811 1158 874 argu·

81 911 196 974 menti
222 911 416 994 disponendi
435 913 626 976 abiudicare.
663 911 691 975 E
716 914 830 996 quibus
854 914 930 976 satis
955 914 996 976 'sit
1012 911 1159 978 Iahnium

82 1037 233 1112 adferre,
263 1037 351 1099 ouius
375 1039 473 1100 verba
491 1037 515 1118 ¹)
549 1036 618 1100 haeo
642 1041 731 1101 sunt:
767 1059 842 1100 sane
868 1061 983 1121 anoeps
1006 1039 1159 1103 iudicium

80 1164 150 1239 est,
177 1161 357 1243 praesertim
380 1162 414 1224 in
438 1184 474 1225 eo
493 1165 602 1244 poeta,
626 1162 682 1245 qui
706 1165 827 1224 eertum
851 1164 994 1226 ordinem
1018 1170 1049 1227 et
1065 1185 1158 1228 aceu-

81 1289 198 1348 ratam
223 1285 409 1368 disponendi
433 1287 588 1349 rationem
613 1286 786 1350 contemnit
810 1291 841 1349 et
865 1309 912 1366 ea,
936 1309 1007 1371 quae
1027 1289 1159 1372 propria

82 1431 233 1474 romanae
256 1413 372 1482 saturae
398 1413 456 1489 est,
480 1411 630 1474 libertate
653 1433 831 1476 sermonem
855 1411 1047 1475 familiarem
1064 1416 1158 1493 grata

82 1535 302 1620 neglegentia
337 1536 490 1598 fundendi
525 1537 576 1599 vel
610 1537 739 1620 ingrata
773 1527 979 1621 neglegentia
1003 1539 1157 1604 abutitur.

81 1659 204 1723 Simile
220 1660 373 1722 iuditium
391 1651 612 1744 Bergmueller
628 1660 706 1722 faeit
718 1661 759 1737 2):
776 1661 882 1738 laud0,
899 1662 1012 1744 inquit,
1029 1661 1156 1726 Teuffe-

81 1785 172 1848 lium
197 1781 298 1860 (Stud.
324 1806 354 1846 u.
380 1783 678 1848 Charakteristiken
700 1807 753 1868 pp.
771 1785 960 1867 lio-nm)
977 1789 1156 1850 saturarum
1255 1813 1258 1820 ·

79 1912 195 1993 poetae
232 1910 480 1992 dispositionem,
516 1914 627 1993 utpote
663 1933 724 1974 non
759 1911 899 1994 benigna
927 1911 1050 1996 ingenii
1073 1934 1155 1984 vene

80 2033 230 2117 praediti,
254 2034 395 2096 ieiunam
418 2034 642 2116 appellantem.

198 2157 259 2222 Vv.
275 2160 382 2222 1-55
398 2159 498 2243 igitur
513 2161 678 2242 tamquam
693 2160 887 2240 prooemium
903 2161 1106 2243 praemittunt
1129 2143 1153 2226 τ’.

78 2285 189 2348 Dicas
213 2284 309 2347 totius
333 2285 439 2347 satirae
464 2288 688 2368 argumentum
711 2308 761 2348 vv.
787 2285 872 2348 8-9
897 2286 1029 2368 exponi:
1094 2342 1096 2347 .

223 2502 224 2505 Ἴ
421 2433 558 2491 nocitura
581 2436 662 2508 toga,
688 2432 823 2491 nooitura
847 2437 993 2508 petuntur

249 2521 354 2580 militia

196 2683 299 2748 Huius
334 2685 440 2748 satirae
466 2685 631 2748 exordium
654 2685 851 2748 simillimum
875 2689 923 2748 est
947 2686 986 2764 ei,
1011 2687 1094 2768 quod
1117 2687 1152 2750 in

74 2814 146 2874 sat.
172 2807 219 2872 XI
242 2809 371 2892 legitur.
419 2807 503 2873 Nam
526 2778 565 2872 X.
592 2810 694 2872 2—5:

574 2957 669 3032 pauci
693 2957 843 3014 dinoscere
866 2963 991 3032 possunt

216 3083 286 3120 vera
310 3063 388 3122 bona
413 3066 502 3138 atque
527 3063 585 3122 illis
609 3065 738 3120 multum
763 3065 888 3133 diversa,
914 3067 1027 3123 remota

216 3171 323 3228 erroris
347 3171 464 3228 nebula.
513 3169 589 3240 Quid
613 3171 690 3228 enim
714 3171 828 3229 ratione
852 3171 988 3230 timemus

160 3301 165 3310 ·
216 3282 269 3335 aut
293 3277 446 3352 cupimus?

72 3445 180 3527 poeta
216 3441 377 3524 signifieat
412 3463 445 3503 se
469 3441 506 3504 de
532 3441 690 3504 erroribus
714 3439 877 3504 hominum
902 3440 1146 3523 disputaturum,

73 3565 198 3631 deinde
235 3565 517 3649 interrogationem
546 3565 667 3642 inserit,
692 3587 764 3648 qua,
789 3586 861 3628 oum
884 3587 976 3629 nemo
1000 3568 1147 3631 assentiri

71 3713 147 3756 non
185 3689 296 3773 possit,
337 3689 434 3753 verba
472 3689 528 3752 illa
568 3689 802 3753 confirmentur.
862 3687 914 3753 Sio
950 3691 983 3753 in
1019 3692 1146 3755 exordio

72 3819 143 3880 sat.
167 3813 230 3878 XI:

193 3990 212 4058 ¹)
233 3991 263 4046 Ο.
283 3992 362 4056 laun,
382 3990 411 4044 in
429 3991 507 4060 praef.
528 3991 570 4045 ed.
591 3959 640 4045 alt.
659 4009 686 4060 p.
707 3993 731 4044 9.

192 4077 211 4147 ²)
232 4081 261 4133 L.
308 4081 502 4135 Bnnontnnnn:
553 4079 724 4145 Quaestiones
770 4079 968 4142 Iuvenalianae,
1014 4079 1144 4150 Eulangae

73 4171 160 4234 1886,
180 4187 206 4239 p.
227 4171 251 4222 5.

1021 4276 1037 4329 3
