2930 4836
512 1438 664 1550 aaa
701 1439 840 1582 un„
953 1408 955 1417 i

236 1722 308 1788 Non
345 1724 452 1808 gravis
480 1745 518 1788 ea
541 1745 636 1788 causa
660 1729 738 1802 erat,
763 1747 826 1807 qua
849 1728 1009 1808 permotus
1033 1723 1193 1788 luvenalis
1225 1759 1226 1766 κ
1253 1697 1256 1704 Α

120 1829 214 1914 ᾙεηε
238 1849 367 1920 satiram
394 1849 582 1932 composuit,
607 1849 634 1912 si
653 1849 782 1932 quidem
798 1871 868 1912 eam
884 1851 917 1912 in
934 1850 1050 1934 exiguo
1067 1850 1192 1926 damna,

122 1975 214 2060 quod
232 1977 400 2057 acceperat
416 1967 565 2038 Calvinus
583 1975 712 2049 amicus
729 1995 872 2058 quarere
887 1974 1048 2054 volumus;
1066 1975 1194 2058 gravior

122 2104 237 2162 tamen
261 2099 403 2178 dicenda,
428 2099 455 2162 si
478 2102 607 2182 poetam
631 2099 756 2186 nonde
781 2121 852 2162 raro
877 2101 931 2162 aut
953 2099 1083 2162 insolito
1104 2099 1192 2162 frau-

122 2224 265 2288 dationis
289 2225 435 2308 exemplo
459 2225 514 2288 sed
536 2225 573 2288 de
590 2225 701 2289 morbo
717 2224 855 2307 quodam
871 2224 962 2307 queri
977 2223 1191 2303 meminimuS,
1218 2219 1220 2224 ’

120 2348 186 2432 qui
223 2349 257 2412 in
292 2349 359 2412 dies
393 2350 497 2434 magis
521 2349 745 2434 ingravescens
770 2349 932 2412 civitatem
955 2335 1137 2431 pervertere
1156 2353 1194 2430 ¹et

120 2473 211 2538 vitas
246 2474 411 2538 hominum
444 2474 640 2538 labefactare
675 2474 847 2536 videretur.
894 2471 998 2536 Triste
1030 2473 1109 2536 illud
1134 2475 1192 2552 est,

119 2598 213 2682 quod
235 2603 343 2674 monet
366 2595 526 2662 luvenalis
551 2598 589 2660 de
612 2598 779 2661 fraudibus
803 2600 835 2661 et
857 2597 994 2660 fallaciis
1010 2597 1192 2681 aequalium,

121 2725 161 2787 et
196 2744 233 2786 eo
267 2723 401 2800 tristiuS,
438 2721 522 2806 quod
557 2723 678 2786 nullam
702 2723 838 2787 salutem
861 2743 990 2806 sperare
1015 2743 1109 2786 ausus
1134 2725 1192 2787 est.

121 2847 211 2922 Quid
246 2830 288 2910 in
305 2851 396 2910 tanta
419 2848 513 2912 malae
537 2847 773 2912 consuetudinis
798 2847 977 2930 corruptela
1000 2847 1069 2930 ipse
1094 2846 1193 2910 senti·
1233 2832 1235 2838 ¹

122 2976 188 3050 ret,
222 2973 255 3035 in
292 2973 390 3035 satira
417 2974 513 3036 tertia
537 2973 660 3036 decima
683 2977 716 3038 et
738 2994 803 3036 suae
828 2973 931 3038 aetatis
955 2971 1137 3036 hominibus
1162 2976 1194 3036 et

122 3097 264 3182 posteris
300 3101 409 3180 aperte
444 3098 605 3180 professus
640 3101 698 3161 est.
745 3096 865 3161 lterum
899 3098 979 3161 illud
1009 3097 1137 3180 quidem
1162 3101 1194 3160 et

121 3221 255 3305 insigne
277 3222 446 3304 probitatis
464 3223 695 3302 documentum,
713 3223 801 3287 cuius
817 3223 886 3287 laus
902 3244 964 3285 nou
983 3223 1192 3302 deminuatur,

48 3339 51 3346 ¹
121 3346 274 3428 quamvis
310 3368 372 3410 non
402 3347 571 3424 defuerint,
595 3348 650 3431 qui
675 3339 712 3411 de
736 3347 884 3411 inanibus
909 3346 1193 3411 declamationibus

123 3491 203 3533 cum
227 3471 435 3554 despicientia
458 3472 675 3555 loquerentur.
715 3471 820 3535 Satira
843 3472 939 3534 tertia
963 3472 1087 3536 decima
1109 3472 1194 3535 iuter

123 3598 252 3658 ceteras
277 3596 381 3658 locum
405 3617 466 3660 uon
490 3598 581 3661 modo
605 3619 668 3660 non
691 3598 773 3660 male
799 3596 952 3676 defendit,
969 3597 1024 3660 sed
1041 3597 1193 3660 facillime

123 3696 247 3799 tuetur,
282 3742 340 3783 nec
374 3721 442 3783 sine
477 3721 545 3784 iure
573 3725 801 3785 commentator
835 3722 965 3805 quidam
996 3722 1087 3799 dixit,
1110 3721 1193 3784 hanc

122 3844 263 3908 satiram
302 3865 374 3911 oum
411 3850 542 3928 propter
576 3847 818 3926 sententiarum,
854 3848 969 3929 quibus
1007 3846 1192 3923 abundaret,

124 3972 329 4034 venustatem
353 3972 385 4033 et
408 3971 556 4054 gratiam,
580 3974 649 4034 tum
672 3975 804 4054 propter
827 3972 953 4035 dicendi
974 3993 1075 4057 genus
1091 3971 1193 4034 hilare

125 4097 163 4157 et
198 4095 339 4159 vividum
368 4096 452 4160 inter
484 4094 704 4178 'pulcherrima
731 4097 831 4160 dootae
856 4096 1058 4180 antiquitatis
1078 4117 1193 4162 monu-
