2930 4836
713 432 908 495 -120-

283 635 339 676 sua
374 612 498 695 infigat.
554 610 632 674 llius
668 611 751 674 modi
786 610 971 674 iterationes
1005 615 1079 673 sunt
1111 633 1162 675 vv.
1199 613 1337 686 38—40,

284 737 424 814 73—-74,
448 736 568 800 reditus
592 735 631 798 ad
655 735 789 798 maiores
812 757 862 798 vv.
890 734 951 798 179
968 757 1047 818 sqq,
1069 735 1245 800 244—245
1262 735 1337 816 (cfr.

284 863 346 926 227
371 861 465 944 sqq),
488 861 544 923 sed
567 860 697 924 tolerari
719 860 815 923 facile
838 863 979 942 possunt,
996 881 1054 924 nec
1071 861 1224 924 orationis
1240 862 1337 924 tenori
1438 891 1439 928 l

283 989 420 1052 obstant.
465 985 584 1050 Verum
617 987 665 1048 est
688 985 839 1048 iudicium
863 984 1057 1050 Heinrichii:
1092 985 1227 1049 virtutes
1250 985 1338 1050 huius

284 1111 445 1190 carminis,
476 1110 589 1193 inquit,
614 1133 632 1174 a
656 1110 763 1174 multis
787 1109 930 1194 cognitas
954 1113 986 1172 et
1009 1109 1163 1188 laudatas,
1189 1111 1216 1173 si
1241 1111 1341 1174 consi·

285 1237 386 1314 dares,
418 1240 492 1298 sunt
514 1257 589 1298 sana
612 1234 665 1298 hio
689 1257 812 1319 quoque
836 1257 1016 1298 communes
1039 1234 1148 1298 laudes
1172 1232 1338 1310 Iuvenalis,

284 1361 336 1425 vel
370 1361 403 1423 in
438 1362 636 1445 argumento,
672 1359 835 1443 ceteroqui
869 1382 981 1442 parum
1015 1360 1165 1424 novitatis
1195 1360 1341 1440 habente,

285 1486 442 1550 notabiles
466 1486 542 1548 satis
567 1489 599 1548 et
621 1484 763 1568 insignes
781 1483 815 1564 ¹).
939 1539 944 1548 .

396 1611 486 1674 Haud
521 1610 586 1673 scio
620 1632 660 1672 an
694 1608 763 1672 haec
799 1610 897 1672 satira
927 1631 964 1672 ea
988 1610 1039 1687 sit,
1063 1610 1097 1672 in
1121 1633 1183 1693 qua
1207 1612 1342 1676 maxime

286 1737 368 1800 serio
403 1757 545 1798 sermone
576 1737 670 1816 poeta
692 1737 811 1797 utatur.
857 1732 959 1808 Quem
982 1738 1076 1799 antea
1099 1735 1259 1800 iocantem
1282 1737 1343 1800 sal·
1440 1769 1441 1772 ¹

286 1881 383 1944 saque
418 1859 563 1922 irrisione
599 1859 795 1923 adversarios
829 1863 1072 1941 persequentem
1107 1860 1295 1940 audivimus,
1317 1863 1345 1924 is

285 1987 350 2049 iam
384 1985 496 2062 tristis,
532 1988 685 2059 austerus,
721 1982 827 2068 gravis
861 1983 964 2046 factus
1000 1988 1057 2048 est.
1104 1983 1166 2048 Sed
1194 2007 1258 2049 non
1280 1990 1344 2049 tam

287 2131 415 2173 severus
439 2111 496 2184 est,
521 2112 642 2171 utnon
666 2108 825 2172 interdum
849 2107 1025 2172 cavilletur.
1072 2107 1132 2184 Qui
1156 2109 1273 2193 legerit
1296 2135 1344 2174 vv.

288 2235 429 2306 26-28,
456 2233 639 2311 lar-134,
665 2233 738 2310 199,
764 2234 948 2312 208—209,
974 2234 1159 2313 241--243,
1181 2235 1256 2314 251,
1273 2257 1348 2300 con·
1441 2235 1442 2250 ¹

289 2350 393 2437 ceder,
424 2355 607 2422 Iuvenalem
642 2379 681 2420 ne
715 2358 749 2421 in
783 2357 843 2420 hac
878 2354 1005 2440 quidem
1033 2359 1131 2422 satira
1155 2383 1174 2422 a
1197 2382 1230 2423 se
1254 2361 1349 2443 plane

293 2484 478 2548 desciscere.
524 2482 724 2566 Quamquam
747 2482 841 2546 facila
857 2505 921 2546 non
937 2483 1033 2548 estin
1049 2483 1137 2547 vitiis
1153 2484 1350 2570 flagitiisque

290 2608 483 2692 castigandis
518 2608 624 2671 iocari.
671 2607 833 2671 Praeterea
847 2631 851 2640 ·
867 2629 963 2690 supra
994 2609 1141 2688 diximus,
1165 2611 1242 2692 quid
1265 2611 1352 2674 inter

290 2733 411 2815 priores
456 2733 570 2795 satiras
608 2730 829 2796 luvenalianas
868 2736 900 2794 et
936 2732 1126 2815 posteriores
1170 2735 1349 2822 interesset.

290 2855 399 2921 Sermo
433 2857 501 2940 ipse
536 2857 651 2940 prodit,
687 2879 750 2920 uon
785 2857 918 2952 eundem
952 2858 986 2920 in
1020 2857 1070 2920 his
1106 2862 1201 2940 atque
1230 2860 1352 2923 inillis

292 2979 475 3045 Iuvenalem
500 2981 664 3044 audaciam
687 2981 902 3062 improborum
927 2971 1089 3046 homiuirm
1112 2983 1272 3046 insectari.

397 3105 486 3180 Quod
509 3107 548 3169 ad
572 3106 707 3169 formam
731 3105 850 3189 dialogi
875 3107 1001 3183 attinet,
1023 3103 1183 3171 luvenalis
1200 3130 1238 3171 ea
1254 3109 1350 3172 etiam

290 3230 324 3292 in
359 3231 457 3293 satira
490 3234 603 3313 quarta
639 3229 761 3292 decima
795 3229 905 3308 utitur,
941 3251 1133 3313 quamquam
1162 3231 1224 3296 hoc
1246 3255 1353 3316 neque

292 3353 400 3416 multis
434 3355 511 3418 locis
546 3354 591 3433 fit,
627 3376 729 3437 neque
753 3355 799 3417 ita
823 3354 968 3438 dialogus
992 3355 1171 3434 adhibetur,
1196 3361 1231 3420 ut
1253 3357 1354 3442 longa

293 3478 447 3560 colloquia
480 3479 670 3556 habeantur,
705 3478 758 3541 sed
789 3478 828 3540 ad
852 3479 1024 3543 orationem
1048 3481 1233 3545 variandam
1256 3487 1353 3564 poeta

292 3623 378 3665 more
413 3624 469 3665 suo
503 3603 768 3687 interrogationes
795 3602 861 3666 ficti
886 3604 1058 3668 adversarii
1081 3605 1193 3668 inserit
1217 3610 1273 3668 aut
1296 3628 1352 3670 ex-

293 3726 509 3805 clamationes,
545 3727 659 3810 quibus
695 3727 824 3812 gravior
858 3729 1093 3812 argumentatio
1121 3734 1153 3792 et
1175 3731 1356 3794 accuratior

293 3851 359 3912 fiat.
406 3848 465 3914 Vv.
498 3851 672 3915 224—225
696 3853 727 3915 id
752 3873 852 3936 genus
877 3853 1139 3917 exclamationem
1163 3854 1354 3930 invenimus,

405 4116 424 4184 ¹)
443 4117 575 4172 Hammon
594 4119 613 4170 l.
633 4118 651 4170 l.
670 4119 690 4171 l.
710 4136 737 4186 p.
757 4118 816 4171 131.
