2916 4834
570 420 743 483 -55-

118 594 322 678 explicantis,
368 551 451 680 Ipsa'
467 597 625 660 sententia
648 597 763 676 obstat,
779 617 819 660 ne
836 595 975 661 custodis
992 617 1060 659 esse
1077 597 1188 660 creda-

116 741 207 784 mus:
243 720 331 784 cuius
366 742 438 786 cum
463 723 514 786 sit
548 743 691 807 gemmas
721 743 900 796 numerare,
925 743 1054 806 ungues
1078 724 1187 786 acutos

119 849 304 927 observare,
326 849 422 932 plane
447 847 551 914 elucet
573 867 636 911 non
660 847 800 912 adfixum
823 868 896 910 eum
919 849 999 926 esse,
1021 850 1057 910 ut
1077 847 1188 930 loque-

118 976 220 1052 retur,
254 973 309 1038 sed
332 975 368 1037 ut
391 993 514 1057 ungues
537 972 673 1056 parasiti
695 972 811 1036 tacItus
835 971 1029 1035 observaret.
1075 969 1188 1036 Talem

119 1100 280 1180 praeterea
314 1098 477 1162 custodem
511 1119 575 1161 non
603 1117 874 1181 supervacaneum
897 1119 976 1176 esse,
1000 1120 1038 1160 ea
1062 1097 1187 1176 docent,

119 1243 193 1304 quae
222 1226 282 1288 sat.
305 1219 396 1286 XIII.
422 1223 484 1288 147
509 1243 577 1306 sqq.
595 1221 699 1286 adfert
713 1223 819 1305 poeta.
855 1219 962 1306 Atque
979 1222 1034 1306 qui
1046 1198 1184 1305 sequun-

115 1351 175 1410 tur
196 1370 248 1411 vv.
271 1347 402 1412 43—45
427 1369 463 1412 eo
485 1348 603 1412 maiore
631 1347 699 1411 iure
725 1347 910 1428 retinemus,
937 1347 1021 1430 quod
1047 1345 1198 1422 multum,

120 1471 292 1536 conferunt
326 1472 367 1536 ad
400 1472 574 1535 vanitatem
602 1469 748 1536 Virronis
772 1471 992 1536 cavillandam.
1039 1469 1187 1535 Gemmas

118 1596 232 1676 habet,
267 1597 381 1680 quibus
414 1597 573 1680 quondam
596 1596 727 1679 capulus
751 1595 852 1681 gladii
874 1594 985 1659 AEneae
1010 1595 1187 1679 distingue-

116 1723 227 1800 batur,
262 1742 333 1804 quae
369 1721 408 1785 ob
444 1742 514 1784 eam
548 1741 676 1784 causam
704 1743 769 1784 non
796 1721 899 1784 minus
922 1719 1071 1804 pretiosae
1097 1721 1188 1784 erant
1290 1799 1292 1811 .

117 1867 221 1929 quam
243 1845 298 1909 ille
322 1842 392 1927 (Vl.
419 1843 495 1926 156)

426 2047 545 2105 adamas
569 2046 739 2105 notissimus
763 2049 793 2105 et
815 2046 973 2105 Beronices

274 2154 306 2212 in
330 2154 423 2230 digito
446 2154 543 2212 factus
567 2153 734 2228 pretIosior.

70 2357 72 2367 ¹
115 2343 208 2420 Quas
232 2344 361 2428 quidem
384 2365 527 2429 gemmas
549 2341 646 2407 Virro
669 2343 782 2427 primo,
807 2344 842 2406 ut
866 2342 910 2406 ait
933 2346 1041 2426 poeta,¹
1062 2341 1187 2405 annulis
1238 2321 1241 2331 ⁵

120 2469 249 2533 adfixas
283 2472 401 2551 portat,
435 2490 509 2533 mox
536 2468 633 2532 etiam
657 2468 696 2532 ad
719 2467 834 2552 pocula
856 2466 1017 2531 transfert.
1063 2463 1115 2530 Sic
1138 2466 1188 2530 lu·

114 2593 230 2659 xuries
255 2593 322 2656 eius
345 2614 409 2656 non
431 2593 539 2676 inepte
562 2593 805 2677 perstringitur:
827 2592 985 2677 fingamus
1001 2594 1188 2672 ornamenta

117 2717 225 2804 gladii
247 2717 354 2784 herois
377 2717 411 2780 in
433 2717 548 2801 pocula
571 2717 729 2781 helluonis
753 2717 917 2781 translata.

230 2841 295 2906 Eos
329 2841 444 2926 quibus
477 2841 719 2905 exercitationes
750 2807 996 2906 declamatoruni
1018 2839 1113 2903 nimis
1136 2861 1187 2903 re·

118 2965 230 3031 dolere
265 2966 413 3030 videntur
446 2965 516 3030 haec
549 2966 661 3030 verba:
701 2965 846 3050 zelotypo
879 2965 1001 3029 iuvenis
1035 2943 1187 3049 praelatus

114 3088 238 3170 Iarbae,
272 3091 441 3155 admonere
474 3089 628 3170 volumus,
652 3090 733 3154 nihil
756 3091 840 3174 apud
863 3087 1048 3154 Iuvenalem
1070 3089 1187 3173 saepius

116 3236 290 3282 occurrere
314 3237 410 3298 quam
432 3215 613 3279 huiusmodi
628 3216 840 3280 circuitiones.
879 3213 939 3290 Qui
955 3215 1024 3278 haee
1040 3214 1188 3297 exempla

114 3340 326 3426 cognoverit:
362 3336 389 3404 l.
418 3341 470 3419 20,
501 3340 574 3420 116,
599 3337 658 3404 III.
683 3340 736 3419 91,
761 3340 834 3419 118,
860 3337 933 3418 137,
957 3335 1014 3402 VI.
1039 3339 1070 3418 8,
1092 3335 1186 3403 VIII.

118 3465 200 3544 265,
235 3463 275 3528 Χ.
312 3464 384 3545 127,
416 3462 490 3530 XII.
516 3464 568 3544 70,
592 3461 681 3529 XVI.
706 3466 724 3529 6
750 3464 842 3527 -is
866 3463 933 3527 sine
957 3462 1109 3527 dubioin
1131 3462 1187 3528 illo

114 3591 238 3654 iuvene
262 3585 366 3653 Iarbae
389 3589 523 3672 praelato
547 3612 611 3654 non
633 3590 778 3668 haerebit,
801 3590 898 3652 immo
914 3587 1009 3651 facile
1025 3587 1186 3668 concedet,

118 3711 311 3778 Iuvenalem
343 3711 405 3777 hoc
434 3713 504 3778 loco
533 3714 595 3778 sibi
618 3718 816 3779 constantem
839 3734 918 3791 esse,
942 3712 997 3796 qui
1019 3712 1084 3775 iam
1106 3734 1187 3795 puer

120 3838 270 3903 artificiIs
293 3836 457 3902 rhetorum
480 3839 620 3903 imbutus
643 3839 695 3903 sit.

231 3959 266 4026 Si
288 3962 389 4048 igitur
411 3984 475 4026 non
496 3961 615 4027 habere
638 3963 792 4043 videmur,
817 3985 874 4027 cur
895 3961 1062 4030 hiversus
1079 3962 1186 4024 exter-

116 4087 295 4167 minentur,
331 4105 403 4150 cum
438 4108 491 4150 eos
524 4090 556 4150 et
584 4108 643 4171 per
666 4108 699 4151 se
724 4090 813 4172 aptos
836 4109 895 4152 nec
918 4109 938 4152 a
961 4084 1185 4151 consuetudine
