2916 4834
709 1387 861 1501 Satira
898 1387 947 1497 V.

407 1621 458 1684 le
480 1603 534 1683 his
554 1620 670 1699 satiris,
701 1643 779 1703 quas
803 1620 868 1698 iam
890 1620 1106 1700 tractavimus
1131 1620 1244 1700 elucet,
1268 1617 1367 1685 luve-

299 1745 406 1809 nalem
439 1745 568 1824 miuime
603 1745 715 1829 fugere
750 1747 838 1808 certa
871 1748 902 1807 et
930 1745 1100 1809 const'tuta
1125 1745 1293 1828 disciplina
1315 1748 1366 1810 uti

301 1871 336 1934 in
371 1871 567 1955 argumentis
600 1870 817 1953 disponendis,
863 1865 907 1932 lis
932 1873 1048 1948 autem,
1073 1870 1128 1952 qui
1150 1869 1233 1934 hanc
1257 1875 1365 1954 poetae

302 1995 562 2060 cousuetudinem
595 1993 801 2057 nihilominus
842 1998 962 2079 negent
995 1994 1113 2078 quique
1148 1995 1261 2058 satiras
1297 1995 1368 2059 eius

302 2120 383 2184 nihil
406 2142 474 2183 esse
498 2110 700 2197 contendant,
723 2119 786 2182 nisi
807 2118 914 2182 laxam
936 2119 1077 2202 partium
1099 2119 1261 2183 variarum
1289 2142 1369 2184 con·

300 2244 503 2323 iunctioncm,
516 2223 662 2326 ¹quarum
681 2243 882 2330 necessitudo
906 2245 961 2305 aut
983 2243 1110 2307 omnino
1133 2243 1221 2307 nulla
1246 2245 1288 2307 sit
1307 2250 1366 2309 aut

303 2374 423 2432 temere
461 2368 557 2448 facta,
592 2367 632 2431 iis
660 2367 792 2430 satiram
814 2367 958 2462 quintam
981 2368 1245 2448 commendamus,
1270 2390 1367 2452 quam

305 2515 377 2558 cum
400 2492 498 2556 oculis
523 2493 641 2575 apertis
665 2491 862 2575 perlegerint
877 2490 1029 2554 iudicium
1046 2491 1279 2574 aliquantulum
1294 2515 1369 2556 mu·

303 2621 371 2680 tare
395 2619 551 2702 cogantur
573 2615 715 2698 profecto
737 2637 864 2678 necesse
889 2614 959 2679 erit.
1005 2611 1044 2679 In
1067 2637 1105 2678 ea
1128 2616 1213 2678 enim
1235 2617 1364 2701 insigne

305 2743 527 2806 documentum
549 2743 643 2822 poeta
665 2740 807 2818 tradidit,
831 2743 951 2822 quauta
974 2744 1052 2819 arte,
1084 2744 1204 2823 quanta
1228 2741 1369 2826 diligen-

304 2867 351 2929 tia
374 2866 407 2929 in
430 2865 565 2950 singulis
588 2864 732 2947 partibus
768 2865 967 2928 conectendis
991 2868 1143 2929 uteretur.
1190 2864 1267 2939 Quae
1291 2889 1371 2949 par·

1277 2951 1292 2972 x

305 2995 353 3054 tes
376 3011 484 3053 omnes
508 2990 548 3052 ad
570 2987 738 3052 materiam
766 2988 962 3072 propositam
985 2989 1176 3069 referuntur,
1212 2992 1309 3073 atque
1331 2996 1370 3054 ut

306 3137 409 3178 sermo
443 3113 541 3176 semel
574 3112 625 3176 vel
659 3113 708 3177 bis
743 3113 869 3198 longius
893 3113 1023 3198 evagari
1045 3114 1201 3193 videatur,
1226 3118 1368 3179 atcerte

306 3261 346 3302 ne
368 3238 428 3302 hoc
452 3238 580 3322 quidem
598 3239 750 3322 gaudium
762 3238 852 3302 nobis
866 3238 1039 3322 continget,
1056 3241 1092 3301 ut
1107 3241 1193 3302 recte
1209 3239 1370 3303 iudicasse

307 3363 481 3441 videamur,
516 3362 543 3426 si
571 3345 681 3428 oculos¹
703 3363 743 3425 ad
766 3361 855 3424 illum
879 3383 1056 3425 sermonem
1078 3366 1251 3447 vagantem
1273 3364 1371 3446 paulo

307 3487 492 3578 diligentius
516 3486 769 3570 cognoscendum
791 3486 907 3548 iterum
930 3485 1121 3551 flexerimus.

414 3610 556 3674 Primum
579 3610 718 3673 omnium
743 3632 759 3674 e
784 3610 905 3673 duabus
928 3611 1073 3693 partibus
1089 3611 1258 3696 prologum
1274 3610 1370 3676 huius

308 3736 415 3800 satirae
450 3738 593 3799 constare
627 3736 842 3800 observamus.
887 3734 979 3798 Prior
1000 3757 1075 3819 pars
1098 3734 1161 3817 (vv.
1186 3735 1308 3818 1—11)
1333 3760 1373 3800 ea

309 3861 459 3939 continet,
494 3881 564 3942 quae
588 3863 683 3943 poeta
707 3860 745 3923 de
768 3859 892 3923 vilitate
915 3861 1128 3943 parasitorum
1151 3861 1297 3924 universe
1321 3860 1371 3925 lo-

310 3986 432 4070 quitur:
468 3984 570 4048 altera
604 3984 667 4066 (vv.
704 3984 847 4068 12—23)
882 3971 1039 4068 explicat,
1063 4008 1160 4068 quare
1183 3986 1312 4049 tandem
1335 3985 1370 4048 hi

310 4111 351 4174 ad
374 4131 515 4174 mensam
537 4111 663 4193 patroni
686 4113 847 4174 vocentur.
882 4110 1047 4174 Eiusmodi
1062 4111 1189 4197 prologi
1204 4133 1268 4174 non
1284 4132 1370 4194 saepe
