2854 4828
710 469 884 533 ,34-

372 651 490 710 Atticus
514 651 618 709 eximie
641 652 666 710 si
689 655 784 714 cenat.
809 653 910 710 lautus
934 653 1071 722 habetur,

372 759 396 816 si
419 759 548 828 Rutilus,
574 759 702 817 demens.
749 757 826 828 Quid
849 759 927 816 enim
950 760 1061 818 maiore
1086 759 1227 818 cachinno

373 865 521 940 excipitur
544 866 627 942 vulgi
651 885 741 940 quam
763 885 879 941 pauper
901 867 1044 941 Apicius?

266 1017 479 1104 Interrogatio
512 1020 569 1082 illa
592 1020 758 1084 confirmat
781 1043 828 1100 ea,
853 1042 923 1103 quae
947 1022 1150 1099 antecedunt,
1175 1022 1266 1084 etin
1291 1022 1334 1084 iis

265 1149 361 1228 poeta
385 1145 534 1223 ostendit,
557 1145 634 1227 quid
657 1117 729 1209 sibi'
745 1148 884 1208 tractare
911 1147 1123 1228 proposuerit.
1162 1145 1335 1209 Addamus

266 1271 333 1333 eius
356 1270 440 1333 modi
464 1269 739 1353 interrogationes
764 1293 783 1332 a
806 1270 912 1333 verbis
932 1270 1009 1353 quid
1025 1271 1111 1334 enim
1127 1271 1336 1353 incipientes

266 1395 345 1458 adeo
380 1393 513 1457 usitatas
549 1395 633 1476 apud
668 1390 851 1458 Iuvenalem
886 1416 965 1473 esse,
990 1400 1025 1458 ut
1049 1396 1116 1458 eius
1139 1395 1230 1478 quasi
1254 1418 1337 1478 pro-

266 1519 371 1602 prium
407 1519 534 1601 aliquod
568 1519 636 1581 iure
673 1518 736 1581 dici
770 1519 902 1601 possint.
955 1517 1095 1582 Produnt
1129 1520 1335 1602 scriptorem,

266 1644 436 1727 disciplina
463 1647 495 1706 et
518 1644 689 1726 praeceptis
712 1642 876 1706 rhetorum
899 1644 1068 1721 imbutum,
1092 1666 1167 1706 nam
1190 1648 1225 1706 ut
1255 1643 1337 1707 rhe-

265 1772 352 1832 tores
387 1768 558 1851 discipulos
592 1769 766 1832 orationem
800 1769 924 1832 variare
960 1772 992 1832 et
1025 1772 1159 1844 mutare,
1195 1767 1240 1830 sic
1279 1791 1337 1832 eos

266 1894 361 1956 certis
385 1915 509 1975 quoque
533 1893 645 1977 figuris
670 1893 830 1975 certisque,
851 1894 1021 1957 verborum
1048 1892 1339 1976 compositionibus

266 2019 441 2080 orationem
466 2018 663 2102 distinguere
687 2018 852 2096 docebant,
877 2040 938 2100 quo
954 2018 1075 2081 factum
1091 2021 1149 2095 est,
1166 2021 1202 2081 ut
1217 2019 1337 2082 eadem

266 2143 365 2206 verba
399 2143 514 2224 saepius
549 2165 644 2225 quarn
678 2165 738 2225 par
772 2145 855 2206 esset
888 2145 1118 2225 repeterentur.
1165 2143 1271 2206 Multa
1301 2145 1338 2206 id

267 2288 369 2351 genus
397 2267 544 2351 exempla
567 2268 651 2350 apud
675 2264 859 2332 Iuvenalem
881 2267 1042 2351 leguntur,
1066 2289 1129 2351 quo
1153 2267 1187 2330 in
1211 2289 1338 2351 genere

267 2393 364 2455 etiam
398 2393 607 2476 interrogatio
641 2392 697 2455 illo
731 2391 889 2455 rhetorica
916 2393 1107 2455 nominanda
1131 2395 1189 2471 est,
1214 2414 1289 2476 quae
1316 2418 1340 2456 a

266 2519 372 2582 verbis
407 2519 483 2601 quid
507 2517 601 2595 enim,
625 2517 696 2600 quis
720 2517 814 2594 eninr,
838 2516 1003 2598 incipiens
1029 2538 1066 2579 ea
1090 2538 1160 2598 quae
1185 2521 1340 2580 anteces-

266 2645 375 2706 serunt
408 2646 475 2706 tarn
498 2641 667 2704 manifesto
691 2641 866 2719 confirmat,
891 2645 926 2703 ut
948 2641 1049 2704 omnis
1073 2642 1213 2724 negandi
1236 2643 1340 2724 copia

267 2767 468 2830 excludatur.
508 2765 572 2830 cfr.
598 2763 623 2830 l.
649 2767 701 2841 48,
726 2762 769 2828 II.
795 2766 846 2842 65,
871 2763 927 2830 Vl.
955 2767 1028 2844 196,
1053 2767 1128 2844 300,
1154 2767 1229 2843 568,
1254 2764 1338 2832 VH.

268 2893 344 2972 158,
370 2892 432 2955 199
458 2894 517 2954 cet.

244 3021 245 3024 ’
372 3016 416 3080 Et
450 3017 599 3100 quoniam
632 3038 735 3079 sermo
769 3016 803 3078 in
834 3014 1025 3078 rhetoricam
1049 3013 1207 3078 luvenalis
1232 3016 1339 3079 disci-

266 3143 387 3225 plinam
411 3140 532 3218 incidit,
557 3141 597 3203 ad
620 3163 649 3203 v.
675 3141 715 3202 12
740 3139 904 3223 paululum
928 3161 1096 3202 moremur.
1135 3139 1339 3222 Exemplum

268 3271 315 3329 est
339 3265 605 3358 amplificationis
630 3264 733 3346 qualis
756 3265 936 3328 rhetoribus
960 3263 1134 3346 saepissime
1155 3267 1338 3330 usuvenit.

267 3389 319 3455 Sic
343 3393 439 3454 etiam
463 3392 547 3474 apud
570 3388 753 3454 Iuvenalem
776 3413 838 3453 non
854 3412 926 3453 raro
943 3389 1113 3453 adhibetur
1128 3389 1160 3452 in
1182 3392 1341 3455 omnibns

267 3515 382 3592 satiris
419 3519 450 3578 et
473 3516 507 3578 in
530 3516 578 3595 iis,
603 3537 681 3597 quas
705 3537 873 3598 germanas
898 3513 1095 3579 Ribbeckius
1120 3515 1275 3598 appellat,
1303 3522 1343 3580 et

266 3640 300 3703 in
335 3639 384 3718 iis,
419 3661 497 3722 quas
533 3640 775 3703 exercitationes
810 3638 1050 3702 declamatoriae
1075 3639 1217 3702 redolere
1242 3640 1340 3706 dicit.

267 3764 337 3828 Hoc
371 3774 478 3827 tamen
512 3772 580 3829 loco
613 3788 712 3848 parva
747 3768 779 3828 et
814 3765 931 3848 exigua
963 3768 1020 3842 est,
1044 3765 1146 3827 maior
1170 3767 1202 3827 et
1226 3767 1342 3851 magis

268 3889 430 3953 elaborata
464 3890 496 3951 in
532 3890 570 3952 iis
606 3890 759 3972 exemplis
793 3913 808 3952 e
838 3889 944 3952 satiris
967 3886 999 3951 ΙΙ
1024 3891 1055 3951 et
1077 3885 1158 3952 Vlll
1182 3893 1341 3973 sumptis,

267 4035 335 4096 quae
360 4035 455 4095 supra
478 4014 651 4078 attulimus,
696 4013 793 4076 Aliud
817 4013 996 4095 exemplum
1021 4012 1231 4076 institutionis
1255 4015 1342 4080 rhe—

267 4137 374 4206 toricae
400 4141 448 4200 est
470 4161 499 4201 v.
524 4140 583 4203 43:
