2930 4836
561 444 777 530 ³127·-

148 620 234 684 Satis
257 621 300 686 sit
323 621 391 685 haeo
416 621 561 704 exempla
584 625 705 685 temere
729 622 860 686 collecta
883 621 1018 685 adferre.
1058 619 1209 704 Compro-

150 748 229 811 baut
253 769 292 811 ex
316 747 423 830 aliqua
446 749 538 829 parte
554 769 625 831 quae
642 747 858 810 demonstrare
874 737 1048 812 doluimus:
1070 747 1154 810 idern
1172 747 1209 810 de

148 871 199 934 his
227 873 321 936 rebus
346 893 414 934 esse
438 871 591 934 iudicium
613 872 778 954 scriptoris
802 871 909 935 satirae
932 873 1053 955 quartae
1079 872 1208 938 decimae
1285 877 1287 882 ’

148 999 243 1079 atque
268 996 430 1078 scriptoris
455 1003 633 1060 ceterarum
654 996 834 1060 satirarum.

255 1118 323 1184 Iam
358 1120 385 1183 si
416 1122 455 1184 ad
479 1121 620 1206 singulos
644 1142 753 1184 versus
778 1121 1004 1184 examinandos
1026 1122 1208 1199 transimus

147 1246 287 1328 primum
310 1245 477 1309 dicendum
502 1248 550 1310 est
573 1245 611 1308 de
635 1268 684 1310 vv.
712 1247 855 1310 15—18:

255 1393 356 1451 mitem
380 1393 510 1450 animum
534 1397 565 1450 et
587 1411 682 1451 mores
706 1393 828 1452 modicis
852 1375 1002 1452 erroribus
1026 1412 1127 1468 requos
1176 1375 1179 1380 Ι

254 1499 390 1582 praoipIt
413 1503 502 1574 atque
527 1500 639 1558 animas
663 1519 817 1571 servorum
842 1504 872 1558 et
895 1519 1019 1576 corpora
1043 1504 1144 1560 nostra
1185 1539 1191 1549 ι

254 1607 378 1667 materia
403 1610 537 1665 constare
560 1610 649 1682 putat
672 1607 853 1684 paribusque
878 1606 1038 1676 elementia

256 1735 294 1772 an
316 1714 419 1772 saevire
444 1714 529 1772 docet
552 1713 693 1771 Rutilus?

254 1868 441 1953 Ambigr'tur
465 1868 549 1932 eninr
574 1869 611 1932 de
637 1870 732 1964 uerbo
756 1872 847 1952 putat
870 1892 899 1932 v.
928 1871 978 1934 17.
1025 1867 1112 1944 Quod
1137 1892 1208 1933 oum

146 1991 367 2058 Wakefieldus
397 2015 484 2077 aegre
509 1993 607 2056 ferret
631 1996 663 2056 et
687 1993 781 2056 simul
805 1995 992 2058 attributum
1017 1995 1208 2059 substantivi

146 2118 282 2182 materia
306 2118 509 2196 desideraret,
534 2140 591 2201 pro
614 2122 707 2200 putat
730 2117 800 2200 pari
823 2119 960 2201 scripsit.
1007 2119 1208 2182 Attributum

147 2265 222 2307 vero
245 2241 434 2308 substantivi
458 2243 592 2304 materia
617 2265 655 2306 ex
679 2243 836 2322 adieotivo
858 2242 988 2326 paribus
1013 2245 1122 2308 eodem
1139 2245 1207 2307 iure

146 2388 274 2432 sumere
298 2389 472 2450 possemus,
498 2366 524 2430 si
548 2389 585 2430 eo
609 2367 736 2430 omnino
756 2389 835 2450 opus
852 2372 944 2444 esset,
961 2391 1023 2451 quo
1039 2366 1129 2432 XIII.
1148 2372 1206 2434 28:
1272 2359 1284 2380 ⁸

321 2534 400 2573 nuno
424 2519 495 2574 aetas
519 2515 620 2591 agitur
642 2516 802 2591 pei0raque
826 2517 934 2574 saeoula
958 2518 1029 2576 ferri

146 2672 202 2735 ubi
238 2670 278 2733 ad
312 2691 421 2733 vocem
456 2675 532 2733 aetas
566 2671 766 2748 eductivum,
792 2673 875 2754 quod
899 2675 946 2734 est
969 2672 1067 2754 peior,
1092 2695 1108 2736 e
1132 2696 1207 2737 voce

146 2795 318 2879 peioraque
354 2800 525 2877 sumptum,
557 2795 730 2859 audimus
758 2794 914 2874 Revera,
938 2797 965 2859 si
989 2798 1059 2879 pari
1082 2799 1207 2882 legere·

146 2942 226 2995 mus
261 2919 396 2982 materia
431 2920 492 2983 duo
527 2920 681 2983 attributa
715 2919 858 2984 haberet.
906 2919 967 2984 Sed
1001 2943 1102 3004 neque
1128 2945 1207 3006 opus

146 3047 196 3108 est
225 3044 295 3126 pari
319 3043 457 3107 scribere
481 3065 594 3127 neque,
618 3045 645 3106 si
669 3045 966 3127 putatretinemus
991 3047 1061 3127 pari
1085 3068 1124 3109 ex
1147 3069 1205 3129 pa·

146 3169 234 3232 ribus
269 3190 402 3231 sumere.
451 3157 651 3233 Attritiutum
675 3170 866 3233 substantivi
889 3171 1024 3233 materia
1048 3171 1208 3234 invonitur

145 3295 179 3358 in
202 3293 308 3376 priore
332 3314 439 3357 versu:
464 3297 587 3368 nostra3
616 3315 749 3376 corpora
773 3295 857 3356 enim
881 3294 1135 3378 coniungendum
1160 3299 1208 3358 est

146 3440 218 3482 oum
253 3439 426 3496 servorum,
461 3440 523 3482 non
552 3439 623 3482 oum
646 3421 763 3482 nostra.
810 3415 923 3500 Neque
948 3421 996 3481 est
1019 3440 1075 3482 our
1097 3422 1206 3498 verto⁷

145 3543 231 3626 quod
263 3545 311 3606 est
333 3545 435 3624 putat,
458 3542 621 3619 laedamur,
646 3542 730 3605 inter
752 3543 899 3625 praeoipit
923 3545 955 3605 et
979 3543 1070 3606 docet
1092 3545 1206 3627 posito,

144 3689 217 3730 oum
241 3666 420 3750 propinqua
443 3688 551 3729 eorum
575 3666 767 3751 significatio
791 3668 854 3731 dici
877 3668 985 3750 possit.

253 3789 293 3854 V.
318 3792 359 3854 25
384 3790 521 3854 Kiaerius
545 3791 736 3854 adiectivum
760 3792 896 3854 rusticus
921 3814 990 3856 eum
1008 3815 1116 3858 carcer
1133 3815 1206 3856 con·

146 3916 261 3999 iungit,
301 3917 383 3999 quod
422 3916 482 3979 hoo
518 3916 751 3979 substantivum
787 3917 975 3981 attributum
1011 3918 1153 4000 requirat
1183 3919 1205 3998 ).

256 4113 373 4194 'rums
392 4127 410 4181 1.
430 4127 448 4180 1.
468 4145 494 4196 p.
516 4129 556 4180 uo.
