2854 4828
548 429 721 492 -cr--
907 505 913 514 ,

102 607 167 670 sint
200 605 352 693 habituri.
399 603 611 689 Opponuntur
641 606 725 670 enirn
750 607 885 688 quodam
908 607 999 670 modo
1022 606 1106 670 inter
1129 629 1163 671 se

102 731 136 806 ii,
171 731 225 814 qui
260 752 331 794 cum
365 729 475 794 Rutilo
509 731 574 794 iam
608 730 641 794 in
673 753 709 794 eo
744 734 827 809 sunt,
852 735 887 794 ut
909 731 1039 799 miseria
1062 731 1160 796 coact'

102 855 296 940 gladiatores
331 856 419 934 fiant,
455 858 487 918 et
518 856 551 934 ii,
576 856 691 940 quibus
715 823 818 920 adhuc
841 858 941 919 restat
963 856 1162 920 fortunarum

102 980 275 1062 paululum,
315 981 369 1043 sed
405 980 459 1064 qui
494 1002 566 1043 mox
602 981 643 1063 ad
677 1002 832 1044 summam
867 981 1006 1064 inopiam
1040 982 1162 1045 redacti

103 1105 292 1187 exemplum,
316 1106 399 1188 quod
423 1105 510 1168 dedit
533 1103 670 1183 Rutilae,
695 1105 784 1188 sequi
809 1109 973 1189 cogentur.
1012 1105 1092 1170 Haec
1114 1111 1162 1170 est

102 1228 293 1312 significatio
327 1228 492 1311 particulae
527 1251 631 1312 porro.
681 1225 750 1292 Iam
784 1229 882 1306 vides,
918 1229 1022 1312 inquit
1056 1234 1161 1313 poeta,

103 1354 178 1436 quid
213 1351 340 1416 Rutilus
376 1356 524 1435 expertus
560 1353 611 1429 sit,
635 1354 691 1416 sed
714 1355 831 1436 praeter
853 1352 938 1416 huno
961 1355 1054 1418 multi
1078 1359 1161 1435 sunt,

101 1479 155 1562 qui
191 1478 323 1541 eandem
357 1477 441 1540 viam
475 1477 611 1561 ingressi
647 1477 687 1541 ad
721 1479 854 1541 eandem
888 1481 1007 1541 metam
1035 1481 1162 1543 venturi

100 1605 174 1668 sint.
213 1603 272 1666 Est
295 1602 450 1686 oppositio
473 1603 629 1686 quaedam,
650 1625 842 1686 quamquam
858 1603 984 1686 utrique
1000 1604 1034 1666 in
1050 1605 1160 1668 eadem

100 1729 152 1792 via
185 1731 270 1804 sunt,
304 1729 360 1790 sed
390 1730 485 1810 poeta
509 1727 614 1790 dicere
637 1728 716 1804 vult,
742 1729 820 1792 alios
844 1729 916 1810 aliis
937 1729 1064 1813 longius
1087 1751 1161 1813 pro-

100 1852 241 1915 cessisse.
288 1850 386 1915 Porro
420 1852 521 1936 igitur
550 1853 635 1915 idem
658 1852 725 1916 fere
748 1853 909 1938 significat
933 1876 969 1917 ac
993 1857 1160 1937 praeterea.

98 1974 183 2040 Nam
220 1976 304 2059 quod
338 1979 445 2040 monet
479 1975 753 2060 Bergmueller1)‚
781 1976 862 2040 hanc
887 1979 1077 2060 particulam
1099 1977 1160 2043 hoc

96 2101 166 2165 loco
202 2102 242 2164 ad
270 2101 580 2185 argumentationem
603 2105 758 2184 spectare,
782 2102 866 2184 quod
889 2102 923 2164 in
948 2101 1161 2185 assumptione

96 2226 139 2288 sit
174 2224 435 2308 (propositionem
471 2225 554 2288 enim
590 2247 658 2288 esse
692 2226 769 2288 dicit
792 2249 841 2290 vv.
867 2215 967 2290 5—8:
992 2249 1160 2310 pauperes

95 2351 152 2434 qui
175 2315 334 2422 luxuriose
359 2350 479 2428 vivunt,
497 2351 536 2413 ad
551 2351 790 2414 mendicitatem
806 2351 1012 2434 rediguntur;
1038 2373 1159 2414 assum·

94 2476 239 2558 ptionem
262 2497 291 2538 v.
318 2475 355 2538 9:
381 2475 472 2538 multi
497 2474 529 2538 id
553 2475 690 2552 faciunt3
715 2475 948 2538 conclusionem
972 2499 1001 2540 v.
1027 2478 1085 2540 20:
1114 2477 1160 2540 sic

94 2600 229 2663 veniunt
264 2600 303 2662 ad
326 2599 524 2662 miscillanea
547 2598 626 2681 ludi)
651 2600 718 2664 eius
742 2600 827 2664 modi
851 2601 1159 2684 argumentationem

93 2746 159 2788 non
182 2724 294 2808 magni
318 2723 410 2802 facio,
435 2745 505 2807 quae
529 2729 695 2808 praeterea,
720 2725 747 2787 si
763 2724 860 2788 talem
875 2726 981 2788 verbis
998 2722 1159 2790 Iuvenalis

92 2849 367 2934 significationem
390 2849 546 2925 daremus,
566 2848 625 2913 hoc
641 2850 733 2913 modo
750 2848 965 2913 concludenda
982 2853 1078 2913 esset:
1103 2851 1159 2933 qui

94 2974 258 3038 luxuriose
281 2974 392 3036 vivunt
416 2974 609 3058 gladiatores
626 2975 722 3049 fiunt3
746 2975 838 3037 multi
854 2974 1014 3038 luxuriose
1030 2975 1156 3039 vivunt:

41 3070 46 3078 Ι
91 3099 189 3162 multi
213 3119 290 3182 ergo
313 3097 505 3182 gladiatores
529 3099 619 3178 fiunt
665 3097 746 3182 Mihi
770 3103 864 3182 poeta
885 3099 1001 3162 dixisse
1021 3099 1156 3178 videtur,

92 3224 173 3286 alios
197 3226 330 3306 propter
354 3225 529 3304 egestatem
553 3223 747 3308 gladiatores
770 3223 833 3286 iam
862 3245 939 3302 esse,
965 3223 1042 3285 alios
1068 3223 1156 3287 brevi

91 3348 230 3411 futuros
278 3347 342 3412 cfr.
368 3348 514 3431 exempla
537 3346 597 3413 111.
624 3349 696 3427 126,
721 3345 795 3411 VH.
821 3349 872 3410 98.

203 3471 251 3535 Ea
286 3472 453 3549 sententia,
490 3495 560 3557 quae
595 3495 653 3556 per
686 3472 877 3557 particulam
912 3472 1035 3535 interea
1065 3473 1157 3534 indu·

93 3597 178 3660 citur
201 3619 230 3659 v.
257 3597 314 3660 14:

254 3744 367 3802 interea
390 3753 497 3820 gustus
522 3746 665 3802 elementa
689 3763 741 3820 per
765 3744 862 3802 omnia
887 3747 1027 3819 quaerunt

93 3896 256 3960 simillima
280 3898 309 3961 ei
333 3902 390 3976 est,
414 3920 484 3980 quae
508 3896 565 3962 Vl.
589 3898 651 3961 461
678 3898 812 3982 legitur:

205 4110 223 4178 ¹)
244 4112 424 4164 Bnnou'uuunn
442 4111 460 4162 l.
479 4111 497 4162 1.
516 4128 543 4179 p.
563 4109 604 4162 22.
639 4127 642 4133 '
