2930 4836
726 441 900 505 -96-

388 617 560 703 Postquam
593 618 662 682 haec
698 619 735 682 do
771 618 936 682 fraudibus
974 617 1174 702 fallaciisque
1197 619 1349 683 universe

281 745 444 826 proposita
478 748 561 821 sunt,
585 747 681 827 poeta
704 744 820 808 iterum
844 765 877 806 se
901 743 941 806 ad
966 742 1133 808 Calvinum
1157 747 1351 808 convertens

282 867 326 948 (v.
353 868 407 949 71)
431 869 520 940 iubet
543 891 615 932 eum
639 870 721 932 bono
746 841 851 931 animo
875 889 953 946 esse,
978 889 1048 932 cum
1074 869 1227 953 exiguum
1250 871 1350 932 modo

282 993 432 1056 damnum
455 993 630 1097 acceperit:
655 993 741 1076 quid,
765 993 792 1056 si
815 993 914 1056 multo
937 993 1037 1056 maius
1060 993 1197 1057 fuisset?
1223 993 1352 1057 Multos

281 1119 368 1181 enim
397 1117 597 1202 gravioribus
622 1117 744 1180 damnis
769 1139 836 1180 esse
861 1117 1013 1194 adfectos
1037 1139 1140 1201 neque
1163 1123 1271 1181 tamen
1296 1140 1353 1181 res

239 1297 241 1305 .
282 1246 427 1326 repetere
444 1243 593 1325 potuisse,
606 1242 754 1324 quoniam
767 1241 910 1306 homines
924 1242 1118 1305 fraudulenti
1130 1243 1200 1306 iure
1212 1243 1354 1306 iurando

283 1367 403 1430 crimen
438 1367 606 1430 defendere
642 1388 768 1448 semper
794 1366 898 1448 parati
921 1367 985 1430 siut
1008 1366 1071 1448 (vv.
1099 1367 1138 1430 78
1163 1367 1247 1450 sqq.)
1294 1365 1354 1431 Sic

282 1494 377 1573 poeta
412 1492 450 1554 ad
487 1491 576 1554 illam
611 1489 801 1554 sententiam
835 1491 964 1554 uberius
999 1491 1222 1574 explicandam
1251 1491 1353 1570 redit,

281 1638 379 1699 quam
415 1616 477 1679 iam
513 1638 543 1679 v.
580 1617 621 1680 36
657 1616 767 1698 paucis
798 1610 1009 1693 adumbravit,
1033 1638 1128 1698 quem
1152 1616 1193 1678 ad
1217 1615 1354 1680 modum

281 1763 353 1824 quae
388 1741 421 1803 in
454 1739 581 1803 exordio
605 1740 643 1802 de
667 1740 798 1803 nefariis
822 1739 987 1803 hominum
1011 1740 1184 1804 sceleribus
1209 1762 1352 1805 comme-

282 1862 446 1940 morantur
469 1864 559 1927 novis
582 1865 655 1927 inde
680 1887 699 1927 a
721 1887 771 1928 vv.
798 1865 861 1926 120
885 1885 954 1947 sqq.
979 1865 1133 1947 exemplis
1157 1865 1192 1928 in
1214 1865 1369 1930 meliore*

281 1991 352 2054 luce
369 1993 538 2071 ponuntur.
571 1987 604 2052 Si
621 1989 692 2071 quis
711 1992 843 2072 quaerat,
860 1989 943 2052 unde
959 1993 1050 2052 tanta
1066 1987 1231 2054 hominum
1247 1991 1351 2054 auda-

281 2116 332 2178 cia
355 2114 585 2197 proficiscatur,
610 2117 704 2197 poeta
728 2115 897 2197 respondet
921 2114 984 2195 (vv.
1011 2115 1053 2178 86
1076 2114 1169 2198 sqq.),
1187 2114 1350 2178 aliusnon

281 2240 412 2303 credere
436 2241 511 2302 deos
534 2261 613 2313 esse,
638 2239 714 2302 alios
738 2241 866 2302 credere
890 2240 1019 2322 quidem
1042 2261 1121 2316 esse,
1146 2240 1202 2304 sed
1224 2239 1349 2302 lentam

228 2398 235 2416 ·
282 2386 391 2428 eorum
425 2365 505 2426 iram
532 2367 645 2446 putare
670 2361 712 2444 (v.
739 2363 826 2445 100),
851 2364 930 2427 alios
952 2364 1081 2427 reniam
1101 2354 1245 2427 'criminis
1269 2385 1347 2448 spe·

281 2510 364 2553 rare.
403 2487 536 2552 Nullum
560 2491 670 2552 contra
693 2455 825 2552 istorum
849 2489 1014 2552 audaciam
1037 2488 1173 2552 inveniri
1190 2487 1348 2551 auxilium

283 2612 346 2694 (vv.
373 2613 572 2694 112-119).

389 2721 484 2820 Apud
509 2737 628 2800 iudices
653 2741 738 2800 certe
762 2759 825 2800 non
849 2737 994 2801 inveniri.
1041 2737 1120 2800 Esse
1143 2740 1252 2800 tamen
1275 2759 1347 2801 ma·

282 2885 381 2948 gnum
405 2863 563 2938 solatium,
588 2855 615 2924 si
638 2884 708 2945 quae
733 2863 766 2924 in
789 2863 855 2925 vita
879 2862 1038 2924 cotidiana
1060 2862 1158 2946 vulgo
1174 2861 1252 2924 fiant
1268 2883 1346 2926 con-

281 2988 470 3051 siderentur.
512 2985 661 3050 ltccurrit
684 2987 784 3070 igitur
807 2991 912 3069 poeta,
936 2988 1018 3069 quod
1043 2987 1107 3050 iam
1131 2987 1278 3064 diximus,
1302 2989 1347 3050 ad

282 3113 341 3176 hoc
374 3113 522 3176 solatium
545 3133 575 3175 v.
602 3114 675 3175 120.
722 3108 759 3176 Id
783 3134 839 3174 suo
861 3111 929 3174 iure
954 3112 1059 3175 facere
1082 3117 1197 3194 potest,
1222 3113 1249 3175 si
1272 3114 1347 3206 qui·

282 3238 355 3301 dem
378 3238 438 3302 hac
461 3235 610 3301 libertate
634 3237 776 3300 materiae
798 3237 1001 3320 disponendae
1018 3237 1118 3300 oratio
1137 3237 1348 3321 distinguitur

282 3365 316 3425 et
342 3364 492 3438 variatur,
517 3354 620 3445 neque
645 3365 693 3425 est
716 3362 801 3444 quod
824 3362 989 3425 molestam
1012 3361 1095 3426 hanc
1119 3362 1347 3444 repetitionem

282 3487 489 3569 appellemus,
526 3510 594 3550 curu
631 3509 756 3569 semper
790 3509 907 3550 novum
941 3486 1062 3569 aliquid
1086 3487 1229 3564 addatur,
1254 3487 1347 3550 cuius

282 3611 330 3674 rei
358 3610 538 3693 exemplum
563 3616 610 3675 est
632 3636 662 3677 v.
689 3613 761 3674 144.
808 3611 908 3674 Poeta
933 3613 970 3675 de
994 3611 1058 3674 levi
1082 3611 1195 3675 damno
1220 3610 1348 3676 Caluini

282 3759 379 3819 supra
402 3735 525 3800 locutus
550 3740 597 3799 est
621 3737 684 3818 (vv.
711 3735 820 3818 7-8),
845 3737 957 3799 deinde
983 3758 1052 3799 eum
1071 3737 1244 3814 admonuit,
1262 3736 1347 3799 mul-

281 3863 331 3925 tos
366 3861 516 3942 pecunias
549 3862 683 3924 maiores
709 3861 850 3924 amisisse
874 3859 937 3942 (vv.
964 3861 1116 3937 71--74).
1163 3858 1231 3923 lam
1254 3860 1347 3944 loqui

283 3985 396 4067 incipit
420 3985 457 4047 de
482 3985 552 4047 aliis
577 3989 609 4048 et
632 3986 832 4070 gravioribus
857 3985 990 4061 damnis,
1014 4008 1085 4068 quae
1109 4007 1171 4048 non
1192 3985 1232 4048 ad
1249 3987 1347 4048 amis-

282 4130 334 4171 sas
368 4109 519 4192 pecunias
553 4112 686 4190 tantum,
722 4111 777 4175 sed
801 4110 840 4174 ud
864 4111 973 4173 mortis
997 4110 1139 4192 pericula
1162 4109 1349 4175 referuntur
