2930 4836
130 639 245 718 aptam
268 655 344 697 sane
369 633 408 696 ad
428 655 510 698 nova
526 637 715 717 argumenta
732 633 896 698 elicienda.
932 633 1055 697 Eodem
1069 636 1201 700 consilio

129 760 186 824 vvss
213 759 386 824 153-155
411 759 450 823 iis
473 759 617 822 versibus
642 762 777 841 arpoeta
798 759 1020 837 admiscentur,
1038 759 1092 844 qui
1109 765 1200 824 ante-

131 885 262 949 cedunt.
301 883 362 948 Vv.
400 883 574 954 179-188
610 883 729 946 monita
760 886 791 946 et
814 888 977 967 praecepta
1001 907 1119 964 eorum,
1144 886 1200 969 qui
1227 868 1229 871 ⁵

133 1011 297 1094 quondam
331 1010 490 1088 vixerunt,
516 1009 669 1088 audimus,
694 1031 787 1091 porro
810 1031 860 1073 vv.
883 1011 1067 1085 lar—207,
1092 1011 1201 1094 qualia

132 1138 298 1218 praecepta
322 1134 460 1217 aequales
482 1137 586 1216 poetae
612 1134 686 1196 dare
711 1133 795 1197 soliti
819 1134 891 1208 sint,
918 1134 1100 1216 accipimus,
1136 1133 1199 1200 Vv.

136 1260 268 1323 60-62
293 1259 436 1324 dominus
459 1279 566 1322 servos
583 1258 764 1342 alloquitur,
780 1281 831 1322 vv.
848 1259 1023 1322 292-295
1041 1265 1201 1324 mercator

135 1383 268 1466 loquens
293 1383 463 1446 inducitur.
1197 1466 1198 1477 ἵ

244 1507 355 1592 Longe
379 1507 474 1570 aliam
497 1506 591 1570 huius
615 1508 721 1570 satirae
746 1506 983 1590 dispositionem
1003 1507 1201 1572 Ribbeckius

136 1632 236 1694 fuisse
272 1635 388 1696 censet.
436 1630 540 1697 Satira
575 1631 663 1709 XIV,
696 1632 800 1715 inquit
818 1633 853 1714 ¹),
878 1637 983 1696 utrum
1007 1656 1025 1695 a
1049 1631 1200 1696 iuvenale

137 1757 258 1839 scripta
292 1757 334 1818 sit
367 1755 475 1820 necne'
501 1756 641 1820 hicnon
665 1780 787 1840 quaero:
824 1759 879 1820 sed
903 1759 1033 1842 antiquo
1056 1761 1200 1840 tempore

138 1904 209 1944 eam
244 1881 455 1966 genuiuarum
491 1880 671 1966 eclogarum
707 1883 859 1946 volumini
894 1882 1075 1967 adiunctam
1100 1882 1198 1945 fuisse

137 2005 295 2070 Prisciani
318 2005 421 2070 Servii
445 2006 597 2090 Eutychii
620 2007 811 2070 testimoniis
827 2007 981 2071 firmatur.
1018 2007 1096 2070 Eius
1114 2007 1202 2090 prior

137 2153 223 2214 pars,
248 2153 318 2214 quae
343 2135 391 2194 est
415 2154 513 2215 usque
538 2132 577 2195 ad
601 2156 630 2196 v.
649 2133 701 2210 86,
726 2153 796 2194 cum
813 2153 871 2214 per
886 2133 944 2194 has
961 2133 1095 2215 paginas
1112 2133 1202 2195 vide-

139 2247 213 2320 atur
236 2257 404 2320 distributa
428 2256 541 2320 fuisse:

246 2403 339 2445 ovv.
388 2381 628 2444 1-14=14
717 2381 1094 2445 evam—72:14

246 2505 262 2568 o
310 2557 322 2584 ‚,
366 2506 628 2569 rs-sa=13
715 2505 787 2584 f„
830 2507 1093 2570 44-5s=15

247 2628 325 2838 Q,
370 2693 498 2756 15--43
524 2720 564 2744 =
590 2694 630 2755 29

140 2881 242 2944 soluta
266 2901 419 2964 compage
444 2879 570 2964 singula
594 2880 639 2943 sic
664 2881 794 2944 confusa
818 2903 885 2944 esse
910 2882 1047 2946 conieci:

563 3025 583 3068 α
606 3027 621 3068 c
644 3005 666 3068 d
687 3005 707 3086 f
727 3027 741 3068 e.
764 3005 781 3067 b

248 3129 369 3193 Puncto
392 3129 542 3192 inciditur
566 3133 637 3212 post
660 3152 767 3194 omnes
792 3152 844 3193 eas
865 3131 970 3194 satirae
987 3134 1105 3214 partes
1123 3153 1203 3214 quas

139 3256 257 3319 litteris
281 3254 365 3336 o-f
383 3254 581 3319 Ribbeckius
603 3253 758 3338 signavit3
783 3277 844 3318 non
860 3276 956 3339 nego:
982 3256 1037 3318 sed
1054 3278 1091 3319 ea
1107 3279 1204 3321 causa

140 3403 204 3444 non
228 3381 305 3443 satis
329 3380 436 3464 gravis
461 3401 529 3442 esse
553 3379 688 3456 videtur,
713 3353 776 3462 dua
799 3380 948 3444 commoti
971 3381 1114 3444 ordinem
1130 3404 1203 3445 ver-

93 3571 96 3574 ,
140 3527 233 3568 suum
255 3491 430 3584 turbemus,
453 3527 525 3568 nam
550 3504 647 3568 etiani
664 3505 690 3567 si
706 3504 847 3568 ordinem
864 3527 881 3568 a
899 3505 1012 3568 ceteris
1029 3507 1203 3572 editoribus

141 3631 381 3711 comprobatum
404 3630 611 3708 defendimus,
629 3630 741 3692 eadem
757 3634 873 3712 puncta
889 3629 1053 3696 habemus,
1089 3630 1205 3695 Restat

140 3755 241 3839 igitur
275 3758 310 3817 ut
344 3754 516 3833 videamus
552 3777 628 3816 num
660 3759 883 3838 argumentum
907 3756 1010 3838 ipsum
1034 3755 1202 3820 mutationi

140 3879 189 3942 illi
214 3902 232 3940 a
255 3877 433 3942 Ribbeckio
456 3879 550 3942 factae
575 3879 776 3964 suffragetur.
824 3879 978 3944 Meliorne
1002 3881 1039 3942 fit
1063 3903 1081 3944 a
1104 3855 1142 3944 vi
1160 3881 1203 3942 14

251 4144 271 4213 ¹)
291 4145 411 4198 annuou
430 4145 449 4198 l.
469 4145 487 4198 l.
506 4163 532 4215 p.
554 4146 613 4199 178.
