2854 4828
372 567 495 640 propter
519 584 585 639 quae
608 585 671 624 mos
695 569 739 624 est
762 585 859 641 genua
882 567 1014 625 incerare
1038 568 1161 626 deorum

244 745 277 810 Si
301 746 349 809 fas
374 751 422 809 est
446 747 610 824 retinetur,
634 769 733 829 prava
756 747 856 811 oritur
879 749 1052 812 sententia:
1084 771 1136 826 ca,
1161 771 1235 831 quae
1262 749 1319 812 fas

244 872 286 934 sit
310 895 328 934 a
352 871 411 934 diis
435 871 569 954 precari,
594 893 789 953 supervacua
813 875 854 938 et,
868 873 1045 954 perniciosa
1069 895 1136 935 esse
1152 875 1321 956 putanda,

245 997 329 1080 quod
353 1000 438 1060 recte
464 1000 569 1060 monet
593 995 869 1073 Friedlaender1).
916 996 978 1060 Sed
1002 1020 1081 1061 cum·
1098 999 1186 1061 addit
1211 996 1320 1077 idem,

245 1145 307 1187 non
341 1144 432 1205 posse
464 1121 521 1184 hos
556 1145 664 1185 versus
699 1143 801 1204 neque
831 1144 903 1184 cum
926 1123 1084 1205 prioribus
1107 1145 1211 1206 neque
1238 1145 1320 1187 cum

190 1224 191 1234 i
245 1248 472 1330 posterioribus
501 1250 573 1329 apte
599 1245 759 1330 coniungi,
784 1248 867 1330 quod
890 1247 1003 1310 vitium
1026 1250 1182 1330 praeterea
1207 1249 1321 1311 usita-

246 1375 313 1435 tum
336 1372 367 1435 in
394 1371 586 1435 carminibus
610 1368 769 1435 iuvenalis
794 1393 861 1434 esse
886 1373 1036 1450 declarat,
1057 1373 1136 1435 illud
1153 1373 1182 1435 ei
1199 1395 1322 1464 assen-

245 1497 299 1560 tiri
321 1497 403 1574 nolo‚
427 1496 556 1559 minime
580 1495 640 1559 hoo
663 1497 742 1574 loco,
760 1497 813 1560 ubi
831 1495 1023 1560 cohaerentia
1042 1497 1120 1559 mihi
1137 1497 1322 1561 manifesta

247 1643 314 1684 esse
338 1622 474 1685 videtur.

353 1744 414 1808 Sed
449 1748 618 1828 utcumque
653 1767 762 1809 versus
790 1746 936 1829 legimus
960 1746 1149 1830 gravissima
1173 1747 1322 1829 quaestio

248 1875 304 1947 est,
341 1871 481 1953 possitne
514 1869 585 1932 'haee
613 1870 770 1933 sententia
794 1873 926 1953 propter·
950 1892 996 1948 ea,
1021 1890 1091 1954 quae
1117 1872 1322 1934 antecedunt

246 1996 298 2059 vel
322 1998 507 2076 sequuntur,
532 1993 668 2057 defendi.
711 1993 786 2069 Quae
812 1995 1004 2058 antecedunt
1027 2017 1089 2058 non
1112 1995 1320 2078 impediunt;

152 2151 154 2160 <
246 2143 296 2183 vv.
333 2120 462 2183 54-55
499 2121 572 2201 apte
608 2119 703 2200 positi
737 2122 811 2182 sunt
846 2120 885 2182 ad
909 2141 946 2182 ea
969 2119 1075 2184 omnia
1099 2119 1322 2202 comprehen-

247 2245 359 2323 denda,
384 2247 419 2307 ut
442 2266 508 2307 mos
533 2247 581 2306 cst
603 2241 773 2308 Iuvenalis:
821 2242 933 2326 Neque
957 2245 996 2307 iis
1020 2249 1212 2328 repugnant,
1237 2267 1321 2327 quae

247 2372 436 2453 sequuntur;
473 2389 534 2450 quo
562 2369 653 2432 modo
676 2369 807 2451 possint,
832 2389 903 2432 cum
927 2373 1022 2451 poeta
1046 2392 1075 2432 v.
1101 2369 1141 2432 56
1166 2372 1322 2434 transeat

247 2495 287 2559 ad
311 2516 348 2556 ea
371 2495 444 2558 vota
468 2493 646 2556 accuratius
670 2493 890 2572 examinanda,
914 2515 984 2575 quae
1008 2493 1041 2556 in
1057 2493 1220 2576 prooemio
1237 2498 1338 2559 tan·'

247 2622 315 2682 tum
339 2619 479 2684 breviter
503 2617 631 2701 attigit?

354 2740 387 2804 Si
410 2743 511 2825 igitur
534 2741 693 2804 conclusio
717 2742 782 2820 illa,
808 2763 878 2824 quae
903 2765 952 2805 vv.
971 2742 1101 2805 54-55
1118 2742 1321 2823 continetur,
1392 2719 1395 2732 .

248 2868 288 2931 ab
312 2867 455 2931 oratione
479 2863 685 2930 luvenaliana
708 2867 837 2945 minime
862 2865 966 2930 aliena
990 2871 1048 2945 est,
1072 2867 1227 2949 quaeritur
1248 2890 1321 2950 quo

246 2992 338 3055 modo
354 3013 478 3055 ,versus
507 2991 603 3054 scribi
627 2992 773 3060 debeant.
820 2990 1045 3055 Lectionemne
1070 2993 1136 3055 cod.
1161 2991 1197 3056 P.
1223 3013 1321 3056 com-

248 3118 383 3199 probare
409 3116 582 3190 audemus?

408 3309 478 3367 ergo
502 3309 685 3364 supervacua
710 3293 762 3348 aut
785 3289 947 3365 perniciosa
970 3293 1116 3365 petuntur

249 3469 389 3534 Offendit
423 3469 540 3549 hiatus
569 3492 630 3533 non
655 3472 815 3534 audemus
861 3468 947 3534 Nam
970 3471 1054 3553 quod
1079 3471 1155 3534 dicit
1178 3470 1320 3536 Heinri-

249 3595 349 3672 ahius
383 3595 450 3658 eius
485 3595 569 3658 modi
605 3595 727 3658 hiatum
761 3617 824 3658 non
858 3595 952 3658 nimis
986 3617 1093 3660 rarum
1121 3588 1199 3672 esse,
1225 3600 1318 3679 apud

249 3717 433 3783 Iuvenalem
457 3723 541 3782 certe
565 3728 663 3782 rarus
680 3723 737 3784 est.
782 3717 815 3784 Is
839 3719 970 3783 adhibet
993 3719 1132 3784 hiatum:

358 3976 377 4044 ¹)
397 3977 427 4030 L.
447 3977 650 4031 Farrarfiunan:
678 3976 790 4032 Bericht
809 3976 876 4031 tiber
894 3976 939 4030 die
957 3977 1112 4032 Litterntnr
1129 3995 1160 4031 zu
1174 3977 1228 4032 den
1243 3985 1317 4034 rbm.

248 4066 403 4121 Satirikern
423 4067 467 4120 fur
486 4067 511 4119 d.
530 4067 555 4120 J.
576 4066 750 4120 1879--1881
769 4084 796 4136 p.
811 4067 844 4118 65
863 4063 1006 4132 (Bursians
1020 4067 1144 4122 Jahresb.
1158 4067 1205 4120 IX.
1221 4069 1317 4136 1881).
