2930 4836
586 423 760 486 „37-

131 601 250 664 tione?
273 599 319 664 Ut
342 591 454 664 melior
476 602 519 664 sit
542 601 722 664 sententia?
752 599 825 666 Non
849 603 910 664 erit
933 603 1044 666 melior
1060 581 1200 667 sedfere

132 727 261 790 eadem.
310 723 362 788 An
398 730 433 790 ut
467 726 576 789 laudes
611 726 674 790 illae
711 750 729 790 a
763 725 913 791 Iuvenale
947 729 1048 810 poetis
1071 729 1200 793 tributae

133 852 370 915 obscurentur?
405 849 478 915 Non
503 852 645 944 laudavit
668 850 827 916 Iuvenalis
848 857 975 936 poetas3
1001 854 1060 919 hoo
1077 857 1219 943 tantum·
1278 893 1282 900 -

132 976 226 1054 dicit,
263 976 364 1039 multa
399 977 439 1040 ab
474 976 513 1039 iis
543 977 686 1060 pericula
709 979 958 1064 commemorari,
980 977 1054 1042 ”cum
1078 983 1200 1062 tempe-

132 1101 232 1163 statis
279 1122 348 1164 cum
395 1079 523 1185 fragore
569 1102 802 1186 tonitribusque
848 1106 962 1167 coortae
1008 1105 1201 1169 mentionem

133 1223 271 1289 faciant.

241 1349 307 1426 ,Qui
330 1353 505 1438 sequuntur
527 1375 577 1415 vv.
604 1353 753 1454 aar-526:

458 1547 552 1604 genus
577 1547 642 1586 ecce
666 1528 747 1604 atiud
772 1529 945 1588 discriminis
970 1531 1040 1588 audi

246 1635 279 1690 et¹
298 1633 436 1692 miserere
458 1634 577 1704 iterum,
603 1655 784 1710 quamquam
809 1637 868 1694 sint
892 1640 989 1694 cetera
1012 1627 1099 1696 sortis

246 1740 376 1816 eiusdem
399 1760 467 1816 pars
489 1741 555 1799 'dira
580 1741 707 1816 quidem,
732 1743 782 1824 sed
806 1744 924 1819 cognita
948 1745 1049 1802 multis

130 1924 184 1998 ut,
209 1922 303 2004 ,quod
339 1922 377 1985 ad
413 1923 548 1986 formam
585 1924 708 2001 attinet,
744 1923 873 2002 habent,
909 1927 992 2008 quod
1027 1927 1201 1992 orationem

133 2043 378 2109 Iuvenalianam
414 2047 555 2130 resipiat,
580 2049 625 2111 sio
639 2048 840 2146 ¹sententiam
863 2051 1077 2115 obscuriorem
1101 2053 1201 2116 conti-

131 2173 225 2234 nent.
273 2167 492 2254 ImperativoS,
529 2173 638 2255 quales
662 2174 818 2257 imprimis
842 2177 915 2237 sunt
939 2176 1058 2258 accipe,
1084 2177 1200 2259 aspice,

133 2297 262 2379 respice
297 2300 367 2372 cet„
403 2297 437 2359 in
454 2298 712 2362 'transitionibus
737 2300 776 2363 ab
800 2321 863 2363 una
886 2303 977 2382 parte
1003 2302 1042 2366 ad
1066 2303 1201 2366 alteram

131 2421 224 2504 apud
269 2411 453 2484 Iuvenalem
500 2422 722 2486 usitatissimos
773 2445 850 2500 esse,
900 2425 1060 2489 neminem
1105 2425 1199 2510 fugit.

132 2545 296 2628 Exempla
331 2569 350 2608 a
380 2545 514 2620 ¹Weiseo
544 2547 676 2611 collecta
700 2551 774 2612 sunt
791 2548 825 2631 ¹).
873 2548 938 2614 ofr.
962 2550 995 2613 in
1018 2549 1079 2614 hac
1102 2551 1200 2616 satira

131 2693 188 2735 vv.
226 2671 277 2749 57,
315 2672 366 2735 83.
414 2669 501 2746 Quod
537 2675 586 2734 est
620 2673 699 2736 illud
734 2695 834 2758 genus
868 2675 953 2738 aliud
988 2676 1200 2740 discriminis?

132 2794 330 2875 Periculum,
367 2819 406 2859 ne
442 2797 532 2861 navis
567 2802 741 2882 mergatur,
779 2771 950 2882 respondet
985 2799 1199 2865 Heinrichius.

133 2921 239 2985 Recte
263 2922 401 3004 quidem,
426 2922 486 2985 hoc
511 2945 606 2986 uuum
631 2923 738 3000 miror,
763 2908 845 3006 quod
870 2924 1075 2988 Haenickeus
1091 2927 1124 2989 in
1140 2925 1200 2990 hac
1260 2905 1266 2914 χ

131 3069 214 3110 vera
246 3047 509 3128 interpretatione
534 3069 604 3110 oum
630 3047 817 3113 Heinrichio
841 3053 906 3112 taio
931 3052 1045 3114 acerbe
1070 3051 1200 3114 cavilla-

132 3175 190 3234 tur
207 3170 243 3268 ²).
289 3170 338 3235 De
374 3173 440 3236 ictu
474 3173 617 3236 fulminis
652 3197 716 3238 non
750 3178 798 3238 est
834 3175 1053 3259 cogitandum
1089 3176 1144 3258 qui
1167 3176 1200 3238 id

131 3299 254 3380 putant
276 3297 340 3360 iam
363 3299 478 3362 multos
503 3298 618 3362 abhinc
643 3322 740 3363 annos
765 3323 783 3362 a
806 3299 948 3364 Webero
965 3301 1101 3365 convicti
1117 3283 1200 3366 sunt.

133 3421 292 3500 Verbum,
331 3423 414 3505 quod
453 3428 501 3486 est
540 3427 646 3488 cetera
684 3423 726 3505 (v.
767 3427 833 3502 25),
873 3425 1004 3508 respicit
1043 3447 1090 3504 ea,
1129 3449 1199 3510 quae

134 3550 314 3629 sequuntur
348 3547 382 3630 (i.
418 3571 446 3612 e.
480 3549 667 3632 periculum,
703 3572 742 3614 ne
777 3549 869 3612 undae
903 3571 1015 3614 navem
1041 3552 1200 3633 obruant),

134 3669 201 3736 non
225 3693 272 3752 ea,
297 3695 367 3758 quae
391 3674 455 3736 iam
480 3678 677 3757 pertractata
693 3680 766 3737 sunt
783 3675 929 3750 (fulmina
946 3677 978 3738 et
994 3676 1198 3758 incendium).
1282 3705 1289 3716 ·

134 3793 335 3880 Quamquam
352 3819 414 3862 non
430 3798 552 3882 ignoro,
570 3799 647 3862 alios
664 3799 757 3862 aliter
772 3799 875 3863 locum
893 3799 1064 3883 explicare.
1100 3799 1201 3864 Hein-

249 4025 269 4094 1)
289 4028 383 4082 Wmsn
402 4028 420 4082 l.
440 4028 458 4081 l.
477 4046 504 4097 p.
526 4029 565 4081 12.

248 4115 269 4184 ⁹)
288 4118 410 4172 Htuicun
430 4117 448 4170 l.
468 4117 486 4170 l.
505 4136 532 4188 p.
555 4118 595 4171 15.
