2854 4828
693 444 865 506 ..60-

247 618 316 684 haec
354 624 420 684 tam
459 621 630 706 magnifica
669 643 740 684 cum
778 621 865 684 nullo
900 621 963 684 alio
997 621 1066 684 loco
1102 618 1306 685 Iuvenaliano

246 767 405 828 comparo,
441 745 501 808 nisi
537 768 608 809 curn
639 767 686 822 eo,
711 746 765 828 qui
789 750 837 808 est
860 746 893 808 in
917 745 1028 829 quinta
1053 745 1175 808 decima
1199 747 1306 822 satira,

245 870 301 934 ubi
335 873 430 953 poeta
465 871 503 932 de
538 872 647 933 mutuo
681 870 737 933 illo
773 892 889 948 amore,
913 869 968 953 qui
992 870 1103 954 generi
1126 869 1265 934 humano
1289 894 1309 933 a

247 993 306 1057 diis
331 995 422 1058 datus
447 997 505 1072 est,
529 993 680 1078 loquitur.
727 994 815 1082 Finit
839 994 1002 1079 epilogum
1024 994 1074 1057 his
1097 995 1257 1059 versibus:

375 1171 490 1226 nullum
514 1189 621 1226 numen
645 1169 744 1235 habeo,
770 1169 794 1227 si
817 1169 856 1226 sit
878 1169 1053 1244 prudentia:
1079 1188 1130 1227 nos
1154 1174 1193 1238 te,

377 1294 429 1335 nos
454 1277 587 1347 fecimus,
612 1276 756 1344 Fortuna,
782 1258 867 1333 deani
890 1277 1021 1351 oaeloque
1043 1277 1175 1338 locamus

137 1441 139 1448 ’
215 1445 218 1457 ’
313 1412 556 1503 ⁴Heinrichius
579 1439 759 1517 lectionem,
783 1461 854 1521 quae
872 1442 919 1501 est
936 1439 1035 1516 abest,
1052 1438 1199 1521 praefert:
1224 1438 1309 1502 male

246 1564 331 1627 enim
365 1565 443 1628 illud
479 1562 579 1627 habes
616 1565 708 1626 deam
743 1563 910 1645 respicere,
947 1585 1016 1645 quae
1041 1585 1103 1625 non
1127 1563 1312 1626 nominetur

245 1689 307 1752 nisi
341 1689 374 1752 in
410 1689 554 1771 proximo
577 1710 681 1752 versu.
727 1688 772 1750 At
794 1688 873 1750 illud
896 1687 995 1750 habes
1019 1708 1082 1750 11011
1105 1687 1245 1770 pertinet
1269 1688 1310 1750 ud

246 1813 436 1890 Fortunam3
471 1815 566 1895 poeta
601 1813 684 1875 enim
717 1835 750 1875 se
786 1813 943 1876 convertit
968 1813 1007 1875 ad
1031 1834 1084 1875 eos
1108 1813 1162 1894 qui
1186 1813 1311 1896 legunt.

245 1938 297 2003 Sic
333 1939 433 2001 altero
469 1937 636 2001 difficultas
673 1939 713 2002 ab
737 1937 925 2001 Heinrichio
948 1937 1099 2016 indicata,
1123 1937 1221 2000 latine
1246 1959 1312 2000 non

246 2063 319 2141 dici,
356 2064 449 2126 deum
484 2085 601 2125 numen
635 2061 764 2138 habere,
799 2062 932 2126 tollitur.
980 2060 1070 2136 Quod
1099 2062 1177 2125 dicit
1199 2084 1313 2125 versus

244 2187 329 2250 inter
352 2209 385 2250 se
408 2188 491 2251 male
516 2209 701 2272 congruere,
726 2188 758 2250 id
780 2209 844 2250 non
867 2189 983 2270 prob03
1008 2209 1063 2250 nos
1088 2187 1172 2249 enim
1195 2186 1313 2250 Fortu-

244 2335 318 2375 nam
354 2313 445 2376 deam
477 2312 719 2395 1001111110,οηίο
744 2311 1035 2394 abestprudentie.
1083 2309 1239 2374 Weidner
1262 2311 1313 2374 le-

247 2438 384 2500 ctionem
409 2437 524 2501 codicis
542 2437 695 2515 P.'abest,
717 2459 779 2499 non
797 2436 907 2515 habeo,
925 2457 992 2500 esse
1010 2435 1187 2500 contendit:
1214 2438 1313 2512 errat,

245 2562 341 2625 tectio
366 2562 483 2625 codicis
508 2564 556 2624 est
579 2561 678 2625 habes
697 2560 730 2641 ¹).

356 2790 374 2858 ¹)
394 2792 426 2844 R.
447 2793 534 2844 Bure:
563 2789 635 2858 Spic.
654 2790 777 2844 Iuvenal.
797 2808 823 2860 p.
844 2791 885 2843 76.

1419 2433 1421 2500 1
