2930 4836
518 405 754 518 2125-

13 657 14 660 ¹
117 655 163 696 ca
187 637 270 706 sunt,
294 653 365 715 quae
389 631 463 696 inde
488 654 506 694 4
529 655 558 695 v.
583 631 625 694 44
648 631 810 716 leguntur,
835 631 875 694 ab
899 630 948 708 iis,
973 653 1043 714 quae
1061 633 1188 694 antece·

118 757 215 836 dunt,
250 760 286 820 ut
319 757 371 820 vel
405 756 523 820 omissa
558 757 776 820 coniunctione
813 756 886 819 addi
921 777 984 820 non
1017 755 1188 839 potuerint.

121 883 199 946 Hoc
223 881 320 945 etiam
345 883 382 946 de
407 881 521 944 ceteris
544 881 621 945 locis
646 903 664 944 a
687 879 816 945 Weiseo
840 881 944 944 allatis
968 881 1071 945 valet:
1102 884 1188 944 recte

121 1007 205 1070 fecit
228 1029 300 1070 cum
324 1007 602 1081 animadverteret,
618 1005 792 1088 particulas
809 1006 1005 1088 copulativas
1021 1027 1083 1069 non
1098 1004 1189 1070 adhi-

124 1132 206 1211 heri,
231 1132 286 1196 sed
309 1131 370 1195 hoc
394 1130 627 1214 reprehendere
650 1153 715 1194 non
739 1111 857 1194 debuit.

233 1255 406 1319 Manifesta
444 1256 581 1340 vestigia
620 1255 875 1338 amplificationis
915 1277 934 1317 4
971 1252 1121 1318 Iuvenale
1156 1254 1190 1317 in

123 1381 214 1444 vitiis
249 1381 530 1445 commemorandis
565 1383 712 1443 accurate
747 1381 922 1444 observatae
950 1380 992 1460 in
1007 1379 1067 1443 hac
1092 1379 1190 1442 satira

124 1528 208 1584 esse,
243 1503 465 1590 Bergmneller
499 1504 669 1568 contendit.
716 1503 754 1568 ln
789 1508 898 1569 satura
920 1507 1034 1588 quarta
1057 1504 1189 1582 decima,

124 1631 243 1715 inquit,
278 1634 372 1713 poeta
400 1653 428 1694 a.
453 1652 482 1693 v.
508 1631 527 1692 4
552 1650 651 1712 usqne
675 1631 717 1694 30
742 1630 820 1693 vitia
844 1652 882 1694 ex
906 1629 997 1722 malis
1021 1631 1189 1712 parentum

125 1756 298 1840 praeceptis
325 1755 470 1838 profecta
494 1754 676 1820 describens
699 1755 923 1839 gradatimad
947 1753 1048 1818 maius
1071 1754 1189 1837 pergit,

125 1903 201 1944 cum
236 1880 270 1944 in
304 1902 355 1968 nv.
391 1881 522 1944 25—30
557 1879 595 1966 de
630 1879 762 1983 libidine
798 1882 830 1942 ct
854 1878 1009 1944 adulterio
1032 1879 1189 1961 loquatur.

125 2005 273 2087 Eamque
309 1987 465 2067 rationem
500 2007 588 2066 tenet
623 2025 641 2066 4
675 2027 704 2068 v.
743 2005 805 2067 190
841 2004 1004 2086 explicans
1040 2006 1190 2088 parentes

124 2131 245 2194 liberos
280 2129 320 2192 ad
347 2133 503 2212 quaestum
526 2112 724 2211 quocumque
748 2113 841 2193 modo
865 2129 1054 2212 capiendum
1076 2128 1191 2213 impel-

124 2225 205 2331 lere,
231 2277 302 2318 curn
326 2254 359 2317 in
382 2277 433 2318 vv.
460 2253 633 2318 199-205
658 2254 905 2317 sordidissimam
923 2254 1004 2318 lucri
1021 2254 1106 2318 viam
1121 2254 1191 2318 lau-

125 2380 266 2444 dandam
305 2401 373 2442 esse
412 2382 538 2462 peroret
557 2378 591 2460 ¹).
639 2377 728 2453 Quod
764 2379 801 2442 de
829 2401 878 2442 vv.
906 2380 1078 2443 199—205
1104 2377 1190 2468 dicit,

125 2505 280 2587 approbo,
316 2505 371 2568 sed
405 2505 439 2566 in
473 2526 523 2567 vv.
559 2504 668 2568 4-30
702 2503 791 2567 illam
827 2503 1106 2586 amplificationem
1129 2523 1190 2566 non
1238 2486 1240 2509 ¹

127 2630 266 2708 invenio
302 2651 374 2692 cum
404 2634 497 2711 poeta
522 2629 562 2692 ab
586 2628 724 2691 aleatore
748 2629 892 2712 incipiat,
917 2627 1030 2692 deinde
1055 2629 1094 2691 ad
1119 2650 1191 2692 eum

127 2756 282 2831 transeat,
318 2754 372 2835 qui
405 2753 561 2836 exquisite
597 2774 710 2816 cenare
747 2753 864 2836 cupiat,
897 2753 979 2835 quod
1003 2753 1070 2816 sine
1095 2753 1190 2816 dubio

129 2879 235 2941 minus
259 2899 356 2962 grave
381 2878 494 2942 vitium
517 2881 576 2940 est.

236 3002 340 3066 Multa
364 3005 438 3066 sunt
461 3001 577 3074 inhac
602 3002 699 3064 satira
723 3003 900 3081 sententiae,
920 3024 990 3086 quae
1007 3002 1104 3065 etiam
1121 3001 1191 3065 aliis

128 3127 206 3211 locis
229 3126 435 3190 inveniuntur
458 3149 592 3210 quaeque
613 3127 792 3200 ostendunt,
810 3127 940 3190 satiram
956 3149 1079 3210 quoque
1096 3148 1191 3208 quar·

7 3337 9 3346 y
129 3255 195 3316 tam
232 3252 387 3315 decimam
410 3264 440 3313 ’4
475 3248 625 3315 iuvenale
661 3252 867 3334 compositam
896 3273 974 3314 esse.
1021 3250 1084 3314 Eos
1107 3251 1191 3314 locos

128 3377 327 3460 respicimus,
355 3377 409 3440 ubi
433 3380 527 3459 poeta
551 3376 589 3439 de
613 3376 773 3449 illecebris
797 3376 951 3439 malorum
975 3375 1192 3458 exemplorum

129 3503 199 3584 agit
224 3505 256 3564 et
280 3502 318 3564 de
341 3501 380 3564 iis
405 3501 567 3585 gradibus
592 3523 669 3585 quos
692 3501 791 3564 habet
815 3500 1005 3583 corruptela,
1031 3522 1069 3564 ex
1092 3523 1191 3584 parvo

128 3626 223 3690 initio
259 3630 338 3699 orta,
376 3626 489 3689 deinde
524 3627 613 3710 qnasi
650 3626 733 3690 vires
769 3630 801 3690 et
835 3626 1031 3690 incrementa
1054 3647 1191 3702 sumens

129 3756 231 3815 donec
254 3751 382 3814 tandem
406 3751 538 3814 miseros
561 3750 704 3814 homines
728 3751 855 3834 penitus
879 3751 1057 3836 obstringat
1081 3755 1113 3814 et
1137 3752 1192 3815 de-

128 3875 257 3939 vinciat.
306 3875 440 3939 Causam
466 3875 594 3958 exponit
616 3877 710 3958 poeta
733 3898 783 3939 vv.
809 3877 956 3941 31-33:

242 4136 268 4208 ¹)¹
282 4141 463 4194 Basanitnasn
481 4141 500 4194 l.
521 4141 539 4193 l.
558 4159 584 4210 p.
605 4141 647 4195 20.
