2854 4828
727 409 878 469 ..2-

378 585 500 650 Notum
535 590 592 664 est,
628 587 659 649 in
695 608 781 649 nona
815 585 913 648 satira
936 585 1168 668 impudentiam
1192 584 1349 667 pathico-
1406 553 1407 594 Ξ

273 735 344 776 rum
381 711 543 774 hominurn
583 715 616 774 et
653 711 810 794 imprimis
845 711 1034 773 draucorum
1068 710 1190 781 vexari,
1227 713 1263 772 et
1299 711 1346 772 ita
1406 761 1407 800 ss

273 838 412 921 quidem,
448 839 483 899 ut
517 835 599 898 nihil
634 836 702 898 fere
737 838 836 898 restet
859 835 899 898 ad
924 835 1114 898 addendum.
1160 834 1266 898 Miser
1290 834 1346 897 ille
1406 809 1407 884 l

273 961 435 1038 Naevolu8‚
472 961 611 1023 famosus
645 959 750 1037 hom0‚
785 965 820 1022 ut
854 959 989 1037 videtur,
1023 963 1056 1022 et
1078 959 1214 1042 quodvis
1238 981 1347 1043 genus

275 1086 425 1169 nequitiae
461 1089 621 1167 expertus,
657 1084 877 1147 acerbissimos
912 1083 1043 1161 dolores,
1079 1084 1236 1161 miserias,
1270 1106 1347 1166 spes

274 1231 345 1274 cum
369 1207 518 1272 Iuvenale
542 1210 768 1272 communicat:
793 1209 914 1272 nullam
936 1231 970 1271 se
994 1209 1174 1272 mercedem
1188 1209 1343 1272 laborum

278 1335 449 1417 accipere·
469 1356 599 1416 operam
637 1355 670 1396 se
704 1334 837 1416 perdere
873 1333 999 1416 iamque
1027 1333 1110 1396 curis
1134 1337 1167 1396 et
1188 1333 1347 1396 aerumnis

276 1479 421 1542 pressum
443 1459 630 1522 occumbere
655 1461 687 1520 et
710 1480 810 1540 prope
831 1459 1004 1542 exstingui,
1020 1440 1181 1541 queritur;
1206 1457 1347 1520 cavilla-

275 1587 328 1646 tur
356 1604 435 1645 cum
470 1604 507 1645 eo
537 1580 697 1645 Iuvenalis
720 1605 779 1645 nec
803 1582 962 1646 hominem
986 1583 1137 1646 miserum
1160 1581 1225 1644 nisi
1247 1582 1345 1644 irrita

275 1729 331 1790 spe
366 1707 555 1770 consolatur.
601 1705 652 1770 Ne
685 1709 784 1770 verbo
809 1707 939 1790 quidem
963 1743 1003 1752 -
1028 1708 1076 1770 ait
1097 1706 1302 1770 Ribbeckius
1318 1706 1344 1786 ¹)

279 1867 316 1878 -
352 1835 448 1915 poeta
480 1831 655 1914 nequitiam
689 1830 814 1896 Navoli
838 1831 1063 1914 reprehendit:
1099 1833 1209 1895 credas
1233 1833 1345 1896 omnia

275 1961 361 2019 recte
392 1977 425 2019 se
449 1955 578 2020 habere.
625 1955 671 2019 At
692 1960 762 2020 tota
784 1957 883 2019 satira
907 1955 1111 2039 reprehensio
1133 1957 1211 2020 satis
1236 1958 1347 2020 mani-

275 2082 358 2144 festa
390 2085 448 2159 est,
471 2079 547 2144 licet
568 2084 663 2164 poeta
686 2081 805 2164 apertis
828 2080 934 2144 verbis
957 2081 992 2144 in
1013 2078 1183 2144 Naevolum
1206 2081 1347 2164 eiusque

275 2209 443 2289 patronum
468 2227 531 2268 non
554 2205 733 2270 invehatur.

381 2329 442 2393 Vv.
469 2331 574 2393 1-26
598 2331 696 2394 verba
720 2335 821 2412 poetae
847 2331 1024 2408 continent,
1048 2330 1103 2413 qui
1127 2351 1257 2393 causam
1281 2332 1346 2393 tri-

276 2456 371 2518 stitiae
406 2453 532 2518 Naevoli
569 2455 734 2538 explorare
769 2455 848 2519 vult.
894 2453 1077 2538 Sequuntur
1111 2477 1162 2518 vv.
1194 2456 1341 2530 27—9o‚

276 2601 353 2663 quos
376 2577 509 2643 Naevolo
532 2580 716 2643 tribuendos
741 2579 884 2662 plerique
908 2582 1049 2642 censent.
1092 2577 1342 2643 Nominebimus

276 2705 362 2768 infra
395 2726 458 2782 eos,
494 2725 625 2786 quorum
661 2704 699 2767 de
734 2705 785 2766 his
819 2704 963 2768 versibus
993 2704 1079 2768 aliud
1102 2703 1255 2768 iudicium
1280 2709 1339 2767 est.

277 2825 422 2892 Immissa
456 2831 530 2891 sunt
564 2829 685 2891 duobus
720 2829 798 2892 locis
833 2829 875 2910 (v.
910 2831 962 2906 39,
994 2828 1049 2909 63)
1084 2829 1182 2892 verba
1217 2828 1344 2910 aliquot

276 2954 394 3018 sordidi
418 2954 556 3036 petroni.
595 2953 672 3017 Post
694 2955 822 3018 brevem
847 2957 949 3037 poetae
974 2955 1258 3037 interrogationem
1274 2953 1337 3034 (vv.

277 3077 421 3160 90-91)
444 3075 594 3142 Naevolus
617 3079 829 3162 querimonias
853 3079 1015 3142 continuat
1042 3099 1140 3162 usque
1158 3079 1197 3141 ad
1213 3101 1243 3142 v.
1263 3079 1336 3145 102.

277 3203 331 3266 nbi
355 3205 449 3286 poeta
473 3201 662 3286 colloquium
687 3203 815 3286 excipit,
831 3223 894 3266 uno
909 3207 1017 3267 tenore
1033 3225 1172 3288 pergens
1187 3203 1228 3266 ad
1240 3205 1338 3268 verbs

277 3323 419 3391 Naevoli:
455 3326 532 3390 utile
564 3327 730 3391 consilium
754 3330 814 3392 cet.
838 3328 882 3407 (v.
908 3328 995 3410 124).
1043 3327 1095 3391 Ad
1118 3350 1166 3406 ea,
1190 3350 1262 3410 quae
1285 3327 1338 3391 hio

278 3472 339 3514 non
371 3451 438 3514 sine
463 3473 581 3536 angore
605 3453 720 3536 quaerit
744 3451 807 3534 (vv.
833 3453 1031 3535 124-129),
1056 3457 1152 3537 poete
1175 3453 1214 3517 iis
1237 3454 1341 3516 versi·

277 3577 336 3639 bus
360 3576 540 3657 respondet,
564 3577 617 3659 qui
642 3600 661 3640 a
686 3579 748 3640 130
772 3577 946 3660 incipiunt:
970 3599 1010 3641 ne
1033 3578 1159 3660 trepida
1183 3581 1243 3641 oet.

384 3697 462 3762 Post
494 3723 524 3763 v.
561 3703 624 3766 134
658 3703 753 3765 finem
786 3702 910 3766 dicendi
935 3703 1047 3766 fecerit
1070 3725 1111 3766 an
1135 3703 1226 3786 plura
1251 3703 1341 3767 addi·

278 3823 371 3902 derit,
394 3845 456 3886 non
478 3824 588 3907 liquet.
635 3823 750 3890 Exstat
772 3827 946 3890 versiculus

297 4085 312 4140 8
388 3997 407 4067 ¹)
428 3999 458 4054 0.
477 4001 609 4056 Rmescn:
635 4001 690 4056 Der
718 4003 797 4058 echte
823 4003 880 4056 und
899 4003 947 4057 der
964 4003 1082 4058 unechte
1100 4003 1224 4066 Iuvenal,
1244 4004 1339 4059 Berlin

279 4087 348 4141 165
366 4106 392 4156 p.
413 4089 473 4143 112.
