2916 4834
582 422 756 486 „27-

135 603 230 668 modo
253 601 444 666 sententiam
455 603 559 685 poetae
575 600 807 686 intellegimus:
824 599 899 663 hinc
915 597 968 681 (ex
984 598 1045 663 hac
1063 599 1205 685 regione,

135 728 194 792 ubi
229 727 306 791 clim
339 724 447 790 Numa
482 726 705 803 constituebat,
739 745 823 788 nunc
854 746 930 789 vero
952 724 1043 788 lucus
1066 724 1205 807 locatur)

135 853 172 916 in
194 851 311 916 vallem
334 849 463 936 Egeria
488 851 716 915 descendimus,
762 848 970 928 Ribbeckius,
994 849 1050 932 qui
1072 850 1206 913 verbum

136 978 223 1061 quod
248 979 296 1040 est
318 975 371 1039 hic
387 975 515 1053 retinet,
532 975 593 1039 sibi
609 975 747 1038 maxime
763 975 894 1057 probari
910 965 989 1037 dicit
1003 973 1204 1037 iterationem

135 1099 236 1180 illam,
260 1100 313 1164 hic
337 1100 392 1164 ubi
417 1135 458 1144 —
482 1098 535 1163 hic
557 1101 634 1162 tunc
657 1097 851 1163 Umbricius.
897 1097 981 1162 Mira
997 1118 1072 1161 sane
1088 1099 1203 1176 verbu3

136 1247 193 1290 cur
217 1225 302 1288 euim
325 1246 404 1307 opus
429 1227 477 1288 est
500 1227 568 1287 tam
590 1224 733 1308 graviter
754 1222 936 1306 perhibere,
952 1221 1153 1286 Umbricium
1169 1223 1204 1285 in

134 1351 220 1414 valle
253 1349 392 1434 Egeriae,
423 1370 488 1412 non
510 1349 619 1412 statim
642 1351 733 1412 extra
757 1347 928 1430 Capenam,
952 1347 1040 1430 loqui
1063 1347 1203 1430 coepisse

134 1474 214 1558 (hic,
246 1473 309 1554 ln'c,
334 1509 375 1518 -
399 1495 464 1538 non
498 1472 611 1554 aliha?
657 1472 731 1537 Meo
755 1473 884 1556 quidem
906 1471 1024 1536 iudicio
1046 1471 1129 1535 nihil
1151 1494 1203 1535 re-

135 1599 211 1678 fert,
234 1599 289 1662 obi
311 1597 503 1682 colloquium
520 1597 599 1661 illud
614 1596 761 1660 habitum
777 1597 834 1662 sit:
852 1597 901 1660 bic
917 1618 1007 1679 aeque
1023 1598 1104 1660 bene
1120 1598 1203 1659 tem-

134 1745 196 1807 pus
220 1744 257 1786 ac
279 1723 384 1787 locum
407 1722 566 1806 respicere
590 1721 732 1786 videtur:
756 1721 809 1784 hic
825 1725 900 1785 tunc
916 1719 1100 1786 Umbricius
1116 1721 1203 1784 idem

19 1859 22 1862 ’
135 1848 319 1934 significare
353 1851 459 1931 potest
493 1847 576 1930 quod
595 1849 686 1928 ,tunc
720 1844 763 1930 U,
798 1847 873 1910 dum
894 1846 1127 1932 progredimur,
1151 1845 1204 1910 vel

136 1973 259 2056 aliquid
283 1972 448 2036 eiusmodi.

203 2083 213 2092 ”
245 2094 307 2171 Qui
341 2099 518 2179 sequuntur
539 2117 590 2160 vv.
615 2095 744 2159 21-57
770 2093 942 2177 explicant,
967 2116 1023 2158 cur
1045 2093 1122 2158 viris
1145 2093 1203 2158 ho·

133 2221 234 2288 uestis
257 2219 459 2286 intolerabile
483 2220 581 2284 fuerit
602 2219 714 2284 Romae
737 2218 893 2284 habitare.
929 2215 968 2282 ln
991 2218 1106 2302 quibus
1129 2240 1201 2282 ver-

134 2347 222 2411 sibus
234 2367 385 2430 magnam
399 2345 489 2409 illam
506 2347 607 2408 artem
622 2340 862 2408 luvenaliauam
874 2343 1089 2428 cognovimuS,
1104 2365 1200 2426 quam

132 2493 194 2555 per
229 2492 337 2535 omnes
371 2470 439 2534 fere
474 2472 581 2553 partes
616 2470 786 2532 satirarum
809 2469 876 2532 eius
901 2489 1030 2533 manare
1055 2471 1087 2532 et
1109 2468 1200 2532 fundi

134 2599 203 2660 tam
236 2617 321 2678 saepe
355 2596 509 2660 videmus
563 2592 727 2658 Sententia
762 2575 921 2679 generalis
957 2591 1020 2675 (vv.
1057 2591 1201 2675 54—59)
1255 2663 1264 2692 N

133 2719 219 2785 hanc
253 2722 379 2803 partem
413 2720 494 2799 finit,
530 2721 566 2783 ut
599 2719 786 2803 plerumque
815 2720 900 2802 apud
924 2714 1109 2782 Iuvenalem
1131 2717 1203 2782 fieri

134 2846 218 2911 solet
253 2842 292 2925 (Ι.
330 2846 471 2924 79-80,
508 2845 692 2923 109-116,
728 2841 771 2908 ΙΙ.
796 2844 938 2922 34-35,
963 2845 1016 2921 63,
1040 2839 1101 2907 ΠΙ.
1127 2843 1201 2922 125,

135 2972 301 3050 228-31,
327 2971 490 3050 ula-14,
515 2970 590 3053 cet.)

243 3093 312 3158 Iam
334 3095 411 3159 illuc
434 3095 589 3174 venimus,
624 3095 680 3160 ubi
701 3097 798 3177 poeta
821 3093 859 3158 de
883 3093 1018 3178 singulis
1042 3092 1129 3158 urbis
1152 3093 1202 3156 in-

133 3220 308 3285 commodis
325 3220 418 3305 agitss·
434 3219 594 3284 Transitio
610 3220 710 3284 oritur
725 3219 827 3283 tribus
842 3217 893 3282 his
908 3218 1053 3284 versibus
1070 3218 1200 3282 58-60

426 3369 493 3425 quae
517 3369 596 3408 nunc
619 3349 760 3409 divitibus
784 3369 809 3408 e.
835 3369 863 3424 q.
888 3367 910 3408 e.

243 3467 277 3534 si
311 3470 442 3534 satiram
476 3465 536 3535 ΙΙΙ.
570 3490 642 3534 cum
664 3465 739 3534 Vll.
764 3468 1061 3552 comparaverimus
1085 3467 1202 3530 mirum

134 3597 292 3678 quantum
315 3617 367 3663 cas
391 3595 475 3659 inter
498 3616 567 3659 sese
591 3615 767 3679 congruere
783 3591 972 3658 videbimus.
1012 3588 1050 3654 In
1065 3594 1200 3675 utraque

134 3721 232 3802 poeta
256 3742 275 3782 a
290 3719 406 3784 misera
422 3719 604 3784 condicione
621 3740 731 3783 eorum
746 3717 910 3782 hominum
925 3717 1048 3799 incipit,
1065 3716 1120 3799 qui
1136 3715 1200 3779 illis

134 3844 334 3926 temporibus
350 3844 385 3906 in
400 3844 522 3908 artibus
538 3843 680 3908 honestis
693 3843 777 3906 inter
790 3841 928 3926 aquales
942 3842 1080 3905 eminere
1093 3841 1201 3904 stude-

136 3967 225 4047 bant,
250 3967 363 4032 deinde
383 3969 423 4032 ad
438 3967 581 4052 singulos
598 3989 707 4032 eorum
725 3968 849 4031 dolores
865 3964 1080 4049 perhibendos
1096 3969 1200 4028 trans-

136 4092 292 4178 greditur,
315 4093 349 4156 in
364 4096 422 4157 sat.
436 4089 500 4158 111.
520 4115 580 4176 per
605 4093 677 4157 illos
691 4113 812 4170 verane,
829 4113 907 4176 quos
923 4113 1020 4174 supra
1036 4088 1200 4154 attulimus
1308 4108 1313 4117 ‘
