2930 4836
186 743 188 750 Ι
263 664 333 730 quae
356 645 502 710 transitio
525 643 688 710 simillima
712 646 741 710 ei
765 649 822 726 est,
847 668 917 730 qnse
941 650 1111 731 usurpatur
1135 642 1193 714 ΙΙΙ.
1219 649 1301 714 268:

416 795 527 872 respice
551 815 629 854 nunc
654 795 711 854 alie
735 814 769 854 ao
793 796 908 855 diversa
931 797 1063 872 pericula
1087 798 1181 857 noctis

137 1021 144 1040 ἣ
263 932 327 997 cfr.
351 931 391 998 X.
416 933 489 997 209.
528 931 596 996 Hac
612 927 824 1024 partensctirae
841 933 941 1012 finita,
959 935 999 998 ad
1015 938 1200 1017 sequentem
1216 938 1323 999 trans-

262 1059 320 1122 itio
344 1058 380 1121 fit
403 1080 461 1142 per
483 1058 684 1144 particulam,
709 1081 778 1142 qnae
804 1061 851 1122 est
874 1061 1040 1142 praetereo,
1064 1082 1094 1124 v.
1120 1061 1177 1124 51:

474 1207 543 1267 solis
566 1210 711 1284 praeteren
734 1208 863 1265 testandi
886 1207 1031 1266 militibus
1054 1207 1100 1266 ius

476 1315 544 1374 vivo
567 1318 652 1391 patre
677 1316 766 1373 datur

262 1475 332 1536 quae
362 1453 518 1536 particula
542 1475 638 1536 snpra
662 1451 806 1516 adhibita
830 1455 877 1516 est
900 1475 929 1516 v.
955 1453 1008 1515 26.
1054 1450 1230 1517 Notissima
1256 1453 1322 1516 eius

126 1603 135 1667 Q
186 1669 195 1686 Ἀ
263 1600 337 1644 usus
362 1577 507 1661 exempla
530 1580 604 1642 sunt
627 1578 660 1640 in
684 1578 790 1642 satiris
814 1575 984 1658 Iuvenalis,
1008 1581 1043 1642 ut
1066 1574 1126 1646 III.
1153 1579 1232 1642 109:

356 1730 504 1804 praetereo'
525 1735 660 1796 sanctum
684 1727 757 1784 nihil
781 1729 900 1785 estnec
925 1727 961 1784 ab
985 1725 1107 1802 inguine
1131 1729 1232 1784 tntum
1306 1787 1308 1793 ,

263 1863 326 1928 Ofr.
352 1861 408 1929 IX.
433 1867 485 1941 89,
510 1864 549 1929 X.
575 1863 650 1944 217,
674 1861 731 1929 XI.
757 1865 808 1943 70,
832 1860 923 1927 XIII.
949 1863 1012 1927 229
1037 1864 1076 1928 aI.
1116 1863 1225 1940 Verba
1249 1887 1320 1948 quae

260 1994 349 2054 sunt:
375 2012 451 2074 crgo
475 1989 630 2054 Coranum
652 1993 712 2060 cet.
730 1988 792 2072 (vv,
811 1989 955 2070 54-56)
971 2011 1126 2052 summam
1143 1989 1319 2054 irrisionem

259 2114 380 2180 habent
403 2118 435 2178 et
458 2136 530 2178 cum
552 2115 591 2178 iis
615 2114 752 2178 conferri
776 2117 918 2198 possunt,
935 2135 1005 2198 quae
1023 2111 1081 2177 III.
1099 2116 1151 2194 43,
1168 2111 1226 2177 VI.
1245 2115 1319 2194 565,

259 2239 347 2304 XIV.
374 2241 434 2304 251
460 2241 621 2324 leguntur.
728 2285 731 2290 -
808 2289 811 2296 .

365 2364 482 2430 Utrum
517 2365 615 2430 satim
650 2368 740 2429 sexta
773 2365 895 2429 decima
917 2364 1023 2449 lepide
1048 2369 1080 2428 et
1103 2365 1254 2428 concinne
1278 2365 1319 2428 sit

145 2506 161 2526 ¹·
260 2492 433 2575 composita
456 2512 564 2571 necne,
590 2491 761 2574 disceptari
784 2493 899 2575 potest,
924 2491 961 2553 de
979 2490 1143 2572 scriptore,
1160 2512 1231 2580 mea
1246 2491 1318 2573 qui-

154 2613 159 2622 ’
260 2617 330 2680 dem
366 2616 532 2694 sententie,
565 2616 685 2700 ambigi
709 2638 770 2680 non
795 2618 908 2700 potest.
955 2613 1032 2689 oue
1057 2615 1164 2680 attulit
1188 2613 1318 2678 Heinri-

260 2742 348 2805 chins
383 2744 419 2804 nt
446 2742 685 2817 demonstraret,
710 2742 840 2804 satiram
864 2763 926 2804 non
950 2764 968 2804 e
992 2739 1141 2805 Iuvenale
1165 2741 1317 2824 scriptam

258 2879 337 2940 esse,
374 2889 410 2930 ca
445 2889 507 2930 non
541 2871 607 2930 tam
640 2867 751 2952 gravia
775 2889 843 2930 esse
867 2867 1024 2946 videntur,
1049 2869 1084 2928 nt
1108 2867 1202 2930 fidem
1226 2867 1318 2930 nobis

258 2993 387 3056 facient.
434 2990 505 3056 Sint
537 2971 693 3075 praeteree
717 2991 750 3055 in
774 3014 821 3070 ec,
846 3013 916 3075 queo
941 2995 996 3055 cut
1019 2993 1151 3056 obscure
1176 2995 1317 3055 autnon

258 3117 335 3180 satis
358 3117 441 3180 bede
466 3117 620 3196 dicantur,
645 3119 753 3180 tamen
773 3117 1034 3180 considerandum
1058 3120 1116 3195 est,
1141 3120 1315 3180 extremam

257 3263 321 3306 non
344 3243 439 3326 operi,
454 3263 582 3306 manum
607 3242 786 3306 accessisse.
826 3241 859 3306 Si
882 3242 980 3305 satire
996 3243 1036 3305 ad
1051 3243 1147 3306 finem
1162 3242 1316 3324 perducta

259 3369 352 3444 esset,
386 3390 534 3452 magnam
570 3390 651 3446 eam,
687 3369 770 3450 quod
805 3368 845 3432 ad
872 3367 1053 3450 argumenti
1077 3367 1314 3450 dispositionem

259 3491 382 3571 attinet,
406 3493 644 3556 similitudmem
669 3514 741 3556 oum
757 3493 855 3557 satira
872 3493 993 3556 decima
1009 3492 1191 3555 habituram
1207 3491 1313 3568 fnisse,

257 3617 325 3680 veri
353 3617 454 3680 simile
478 3621 536 3695 est,
560 3641 630 3682 cnm
654 3617 689 3681 in
711 3621 846 3700 utreque
870 3618 1015 3702 singulae,
1040 3639 1078 3680 ex
1102 3617 1217 3699 quibus
1241 3637 1313 3680 con-

257 3747 352 3822 stant,
377 3746 484 3826 partes
508 3748 653 3840 accurate
678 3744 761 3807 inter
781 3764 815 3807 se
832 3746 864 3806 et
880 3743 1050 3827 diligenter
1066 3742 1224 3806 distinctae
1240 3740 1312 3804 sint.

653 4077 914 4112 .-...Η.4........
