2854 4828
312 621 348 671 tu
371 615 490 671 tantum
514 612 609 672 erucis
633 613 758 689 inprime
783 613 901 672 dentem
991 637 992 642 ¹

97 785 224 867 lepidus
249 784 302 848 ille
326 785 455 868 quidem
479 807 537 848 nee
562 809 580 848 a
602 785 706 850 iocoso
729 807 847 871 genere
864 785 990 849 dicendi
1006 781 1166 850 Iuvenalis

99 909 233 984 alienus,
265 909 320 973 sed
343 910 487 994 plerique
512 932 575 972 una
598 914 704 973 mente
729 910 940 989 consentiunt,
963 881 1165 994 postrema,

98 1056 172 1117 quae
197 1037 271 1098 suut
293 1056 366 1117 spes
389 1039 535 1117 superest
558 1033 571 1116 (
594 1083 600 1097 .
628 1035 716 1117 134),
740 1034 888 1098 lacunam
908 1057 986 1098 esse.
1024 1033 1165 1110 Quorum

99 1159 292 1222 senteutiam
328 1159 477 1243 amplecti
511 1159 591 1222 mihi
625 1181 750 1243 quoque
785 1160 884 1224 satius
919 1182 986 1224 esse
1011 1136 1164 1224 ridetur:

99 1284 204 1346 causis
227 1284 316 1348 loeus
339 1283 476 1348 hicnon
501 1288 558 1348 est.

205 1407 265 1472 Vr.
292 1409 465 1472 135—150
490 1408 577 1472 nullo
601 1409 788 1472 adversante
816 1407 948 1474 Naevolo
970 1410 1165 1475 tribuuntur.

206 1529 243 1595 In
267 1533 307 1596 iis
331 1534 448 1612 satiris,
473 1556 551 1617 quas
577 1537 671 1597 autea
686 1534 823 1598 tractavi
833 1531 870 1618 ¹),
900 1535 1046 1618 exempla
1061 1538 1166 1599 trans-

97 1658 236 1721 itionum
260 1659 436 1737 subitarum
460 1681 524 1722 non
548 1659 727 1722 defuerunt.
773 1657 878 1724 Satira
901 1682 993 1738 noua,
1018 1661 1102 1742 quod
1125 1661 1167 1723 ad

100 1783 277 1846 eiusmodi
304 1783 508 1847 transitiones
531 1783 681 1866 pertinet,
706 1804 778 1846 eum
801 1783 959 1865 prioribus
984 1785 1166 1867 comparari

98 1931 163 1972 non
197 1911 303 1990 potest
338 1907 389 1971 rel
423 1909 463 1972 ob
499 1930 570 1971 eam
605 1929 744 1986 oausam,
769 1909 852 1991 quod
876 1887 1008 1992 propter
1031 1909 1166 1973 formam

98 2030 216 2116 dialogi
234 2031 389 2114 -scriptor
422 2035 616 2116 potestatem
651 2055 713 2097 non
747 2033 861 2097 habuit
896 2035 936 2098 ab
971 2057 1034 2098 una
1074 2039 1167 2118 parte

99 2157 281 2240 argumenti
317 2158 471 2240 propositi
506 2159 545 2221 ad
581 2144 714 2222 alteram
749 2158 977 2238 transvolandi‚
1014 2181 1085 2223 eum
1109 2159 1165 2224 illa

99 2282 203 2345 forma
226 2282 402 2346 orationem
419 2286 511 2345 extra
526 2283 604 2346 fines
619 2283 834 2365 terminosque
851 2284 1038 2347 constitutos
1056 2286 1166 2368 egredi
1202 2339 1204 2344 ,

99 2429 164 2470 nou
199 2406 293 2470 facile
330 2407 480 2490 patiatur.
527 2406 634 2490 Atque
671 2428 815 2487 revera,
843 2408 870 2470 si
894 2409 1025 2471 satiram
1047 2430 1165 2473 nonam

99 2531 309 2616 perlegimus·
348 2531 454 2595 omnia
488 2531 573 2596 inter
607 2555 640 2596 se
676 2538 752 2616 apta
787 2536 819 2596 et
854 2554 974 2596 conexa
1008 2534 1164 2599 videmus.

101 2655 176 2720 Sine
199 2678 298 2735 mora,
322 2657 389 2720 sine
413 2657 644 2740 interruptione
668 2658 769 2722 oratio
793 2680 832 2722 ex
856 2680 893 2722 eo
916 2657 1002 2721 fonte
1023 2659 1166 2741 profluit,

101 2781 187 2844 unde
200 2781 265 2844 iam
280 2781 314 2844 iu
329 2781 434 2865 primo
450 2803 554 2860 versu,
571 2783 627 2846 ubi
644 2783 682 2845 de
698 2782 830 2846 tristitia
845 2781 971 2847 Naevoli
987 2804 1091 2847 sermo
1106 2787 1164 2859 est,

100 2907 212 2985 oritur,
248 2910 343 2990 atque
375 2906 680 2995 interrogationibus
705 2907 888 2990 asperisque
912 2907 1037 2970 facetiis
1061 2909 1164 2989 poetae

101 3034 194 3095 aucta
229 3035 261 3095 et
283 3032 417 3094 incitata
441 3031 561 3094 animos
586 3051 704 3109 eorum,
728 3031 783 3113 qui
806 3030 928 3115 legunt,
953 3031 1031 3094 adeo
1055 3030 1165 3094 devin-

101 3157 155 3233 cit,
179 3160 224 3235 ut,
247 3159 373 3220 tantum
394 3156 486 3220 modo
511 3156 550 3218 ad
574 3154 807 3219 cavillationem
832 3154 1091 3218 iucundissimam
1114 3155 1165 3219 in-

99 3281 191 3359 tenti,
215 3282 248 3344 in
271 3281 463 3364 turpissimis
487 3281 581 3344 rebus
605 3301 639 3343 se
662 3279 782 3344 versari
805 3279 901 3363 plane
925 3279 1165 3344 obliviscantur.

101 3405 181 3470 Haeo
217 3409 264 3470 est
298 3429 374 3470 vera
409 3405 465 3469 illa
499 3401 706 3469 Iuvenaliaua
732 3405 780 3468 vis
805 3409 837 3466 et
859 3404 970 3483 virtus
995 3426 1065 3488 quae
1089 3426 1166 3468 uus-

101 3553 198 3615 quam
220 3531 337 3594 clarior
360 3530 464 3594 elucet
487 3553 581 3614 quam
605 3529 660 3594 ubi
684 3531 875 3612 potestatem
898 3532 992 3612 turpe
1017 3532 1049 3593 et
1073 3528 1164 3592 inho·

101 3659 226 3720 nestum
249 3655 395 3719 irrisione
419 3654 572 3719 obruendi
595 3657 706 3718 nactus
730 3653 782 3717 sit.
829 3651 892 3718 Sed
915 3652 984 3718 haec
1007 3654 1165 3719 universe.

102 3780 285 3844 Transimus
310 3780 349 3843 ad
373 3779 515 3865 singulos
538 3779 624 3842 locos
648 3778 884 3843 examinandos.

211 4028 231 4096 ¹)
250 4029 276 4083 J.
296 4028 429 4082 Grrmuo:
449 4028 490 4084 De
508 4025 668 4096 argumenti
687 4027 869 4098 dispositione
888 4027 918 4080 in
937 4026 1031 4082 satiris
1049 4024 1166 4080 I-VIII

101 4117 249 4182 Iuvenalis,
269 4117 373 4172 Luudae
394 4117 469 4172 1886.
