2854 4828
691 393 887 456 -108-

362 568 423 634 Vv.
453 570 611 664 Ι140-41
652 571 844 634 sententiam
879 571 947 634 eius
982 571 1110 656 generis
1147 575 1342 656 continent,

257 696 342 779 quod
381 696 465 780 apud
502 694 687 761 Iuvenalem
721 696 965 760 usitatissimum
1000 701 1057 762 est.
1116 698 1182 774 Qui
1220 725 1343 766 versus

256 821 386 885 minime
423 822 594 887 damnandi
627 824 710 886 sunt.
756 820 809 886 Ad
832 823 1055 887 transitionem
1079 825 1119 888 ad
1143 847 1185 888 ea
1209 849 1341 910 paran-

166 952 168 961 ’
256 947 340 1026 dam,
376 970 446 1031 quae
476 950 513 1012 de
542 949 702 1012 Laterano
725 951 785 1012 cet.
810 947 894 1011 infra
918 949 1076 1029 dicuntur,
1100 950 1198 1014 valde
1224 953 1342 1018 idonei

256 1075 339 1150 sunt.
385 1069 471 1136 Nam
495 1073 648 1137 eiusmodi
672 1073 826 1156 exemplis
850 1073 944 1138 facile
969 1075 1205 1158 corrumpimur

601 1240 743 1314 quoniam
767 1240 874 1298 dociles
897 1241 1048 1299 imitandis
1136 1261 1144 1268 ··

360 1348 503 1422 turpibus
525 1367 558 1407 ac
581 1347 681 1423 pravis
705 1367 804 1406 omnes
829 1367 930 1407 sumus
955 1346 1049 1418 (XIV.
1074 1349 1237 1421 40-41).

256 1499 308 1564 Sic
343 1506 437 1585 poeta
471 1503 588 1567 transit
623 1503 663 1566 ad
694 1524 731 1565 11
753 1501 906 1582 facinora,
931 1525 1001 1586 quae
1025 1504 1142 1568 multos
1166 1527 1208 1568 ex
1235 1509 1336 1572 nobi-

254 1627 384 1691 lissimis
407 1628 494 1692 illius
518 1628 623 1692 aetatis
647 1627 829 1692 hominibus
853 1627 990 1692 famosos
1014 1629 1236 1693 reddiderunt.
1299 1699 1308 1714 ,

361 1753 538 1817 Lateranus
574 1752 637 1836 (vv.
675 1753 737 1815 145
769 1751 852 1835 sqq.)
876 1756 966 1817 nocte
991 1754 1119 1836 quidem
1143 1754 1335 1821 sufflamine

254 1881 357 1942 rotam
391 1879 573 1963 adstringit,
604 1899 678 1942 mox
705 1878 831 1962 longius
855 1878 916 1942 ibit
939 1878 1088 1962 claraque
1111 1879 1182 1942 luce
1208 1881 1333 1966 flagel-

254 2003 321 2066 lum
354 2007 467 2068 sumet.
514 2003 739 2086 Damasippus,
775 2003 830 2087 qui
865 2003 899 2066 in
933 2025 1038 2066 scaena
1072 2004 1207 2066 mimum
1244 2008 1332 2090 agit,

253 2131 362 2191 tamen
394 2129 483 2212 peior
513 2131 577 2192 est:
614 2126 776 2192 Gracchus
800 2128 941 2191 omnium
964 2128 1131 2211 pessimus.
1177 2127 1334 2214 Uterque

255 2275 291 2316 eo
325 2253 478 2318 maiorem
511 2254 710 2336 voluptatem
745 2275 812 2316 1111
848 2257 948 2336 putat,
985 2275 1047 2336 quo
1081 2253 1241 2339 insignior
1277 2257 1329 2320 in-

256 2377 355 2441 famia
378 2379 429 2441 sit.

362 2503 524 2588 Optimam
557 2505 618 2568 hoo
653 2504 721 2567 loco
756 2504 978 2588 gradationem
1012 2527 1030 2566 a
1065 2501 1216 2568 Iuvenale
1253 2527 1330 2570 esse
1408 2498 1409 2505 ¹

256 2628 374 2691 factam
403 2629 564 2693 videmus:
600 2629 778 2694 Lateranus
810 2630 894 2691 artes
918 2649 990 2691 suas
1014 2633 1107 2692 nocte
1133 2630 1324 2705 exercebat;

254 2752 469 2837 Damasippus
492 2755 626 2817 mimum
650 2775 748 2838 agens
772 2754 896 2817 vultum
919 2753 1085 2817 abscondit
1108 2755 1246 2838 quidem,
1266 2757 1325 2818 sed

254 2877 309 2958 ita,
345 2881 381 2941 ut
415 2879 518 2962 quivis
550 2902 623 2942 eum
646 2900 818 2964 agnoscere
842 2882 958 2962 posset,
984 2900 1055 2941 cum
1078 2901 1246 2962 personam
1271 2879 1325 2942 in·

255 3003 383 3083 duisset,
408 3026 478 3087 quae
504 3027 542 3068 ex
561 3008 652 3087 parte
667 3007 794 3067 tantum
808 3004 925 3067 faciem
941 3004 1136 3068 occultabat:
1155 3001 1319 3067 Gracchus

254 3127 341 3192 nullo
365 3129 514 3212 scrupulo
537 3130 727 3208 retardatus,
752 3131 863 3212 aperto
888 3129 992 3211 capite

626 3280 741 3337 nudum
765 3280 804 3336 ad
825 3279 994 3354 spectacula
1017 3279 1137 3336 vultum

361 3387 449 3461 erigit
472 3390 502 3444 et
525 3391 591 3446 tota
615 3387 695 3463 fugit
718 3387 921 3462 agnoscendus
945 3405 1045 3444 arena.

253 3557 413 3622 habeamus
442 3557 490 3612 ubi
518 3558 667 3626 particula,
696 3575 757 3626 quae
785 3560 827 3612 est
846 3556 877 3621 si,
898 3556 1076 3611 desideretur.
1114 3555 1255 3626 Exemplis
1273 3555 1321 3608 de·
1408 3566 1409 3569 ’

253 3649 400 3708 monstrat,
419 3647 588 3712 Iuvenalem,
609 3648 633 3701 si
651 3647 681 3700 in
701 3646 841 3701 sententia
859 3645 994 3714 primaria
1012 3663 1133 3714 praesens
1153 3645 1198 3709 sit,
1217 3644 1246 3697 in
1260 3661 1319 3696 sen·

253 3735 345 3790 tentia
364 3739 476 3791 secund.
495 3755 648 3806 numquam
667 3735 799 3790 adhibere
819 3736 951 3788 futurum.
983 3722 1077 3790 Lectio
1096 3751 1158 3802 quae
1178 3731 1318 3788 111111111-

253 3841 320 3893 ques
339 3843 404 3896 ergo
424 3827 497 3880 falsa
516 3830 566 3881 est.
605 3826 652 3881 Cfr
669 3826 742 3879 XIII.
763 3827 814 3879 215

466 3917 596 3971 ostendas
615 3915 715 3970 melius
734 3933 857 3984 -ruga
877 3915 994 3984 cogitur.

252 4007 318 4062 Alia
346 4008 481 4076 exempla,
509 4006 558 4060 ubi
585 4005 725 4075 particula
751 4005 775 4060 si
797 4004 952 4074 exponitur,
972 4008 1037 4059 sunt
1055 4005 1103 4058 III.
1124 4004 1183 4068 297,
1203 4003 1235 4056 X.
1257 4001 1316 4066 141,

253 4099 299 4154 XI.
322 4101 362 4166 15,
381 4098 453 4152 XIV.
475 4097 534 4150 231.
