2854 4828
553 421 725 485 ..53-

98 555 347 680 percipientur?
368 601 462 681 atque
498 620 535 662 eo
570 599 691 662 maiora
726 620 788 681 quo
812 598 937 680 parcius
949 595 1103 661 homines
1127 597 1167 660 iis

97 725 251 785 fruantur
275 728 339 801 (vv.
365 724 564 798 203—208).

211 847 262 909 le
297 847 359 910 ista
394 847 528 910 materia
564 847 683 929 aliquid
718 847 908 930 praeclarum
936 847 976 909 ab
999 846 1167 930 ingenioso

100 971 226 1034 artifice
266 971 374 1056 effingi
413 994 515 1054 posse,
555 972 759 1034 nianifestunr
799 974 856 1033 est.
914 970 985 1034 Hoc
1020 967 1164 1034 quenali

100 1097 287 1180 contigisse,
313 1119 420 1159 omnes
439 1097 499 1159 viri
516 1097 598 1158 docti
615 1119 678 1158 una
695 1098 800 1160 mente
818 1095 1029 1160 consentiunt.
1066 1095 1167 1158 llein-

99 1221 225 1284 richius
260 1221 337 1284 dicit
355 1223 388 1298 ¹),
424 1221 507 1303 apud
542 1223 665 1283 veteres
700 1219 780 1284 nihil
814 1221 948 1303 reperiri
985 1243 1075 1302 posse
1107 1220 1168 1284 hac

101 1346 318 1428 descriptione
353 1344 570 1428 praestantius:
608 1345 685 1408 adeo
720 1345 765 1408 ibi
802 1345 840 1407 ad
875 1345 983 1408 vivum
1018 1367 1169 1428 expressa

100 1471 220 1549 omnia,
256 1471 335 1534 adeo
370 1470 454 1532 nihil
488 1470 590 1531 inesse
627 1470 811 1531 affectatum
835 1473 890 1532 aut
913 1469 1065 1544 fucatum,
1090 1470 1169 1533 adeo

94 1581 223 1658 lcuncta
258 1595 344 1677 loqui
380 1595 520 1657 animum
554 1616 664 1656 verum
700 1598 732 1656 et
767 1594 946 1672 candidum,
971 1616 1027 1658 sua
1049 1595 1169 1657 virtute

103 1720 288 1784 amabilem.
336 1718 407 1796 Qui,
442 1719 588 1804 etiamsi
612 1719 645 1780 in
668 1718 814 1781 laudibus
838 1719 954 1781 nimius
979 1722 1037 1796 est,
1060 1725 1169 1783 tamen

103 1850 193 1908 recte
217 1847 335 1922 monet,
360 1867 422 1908 non
446 1845 546 1906 multa
566 1843 618 1906 hic
635 1843 771 1906 inveniri
787 1844 924 1928 vestigia
940 1843 1169 1928 indignationis

104 1969 323 2033 luvenalianae
363 1971 418 2032 sed
457 1970 598 2032 animum
635 1969 688 2032 hic
722 1991 859 2053 regnare
895 1971 1101 2052 compositum
1137 1974 1171 2033 et

104 2095 251 2178 quietum
276 2099 307 2156 et
331 2093 507 2158 Horatiano
529 2095 721 2178 propiorem.
756 2092 846 2157 Idem
869 2095 935 2157 fere
953 2099 1001 2158 est
1018 2095 1170 2158 iudicium

104 2218 289 2294 Ribbeckh
314 2239 386 2281 cum
410 2219 486 2282 dicit
497 2219 533 2296 ²),
549 2218 631 2282 hanc
648 2220 778 2282 satiram
794 2219 933 2282 omnium
949 2220 1169 2282 suavissimam

108 2366 181 2408 esse
206 2348 237 2406 et
261 2345 300 2406 ad
324 2343 495 2408 iucundum
519 2343 607 2406 illum
632 2344 772 2426 leporem
796 2343 1006 2407 Horatianum
1031 2347 1063 2407 et
1080 2345 1171 2407 lesti-

104 2441 242 2532 v'rtatem
277 2469 421 2551 proxime
457 2468 671 2531 accedentem.
717 2466 830 2551 Neque
858 2472 965 2531 tamen
988 2469 1041 2532 hic
1064 2471 1171 2532 omnia

105 2594 235 2676 probat.
282 2593 393 2656 Divisa
428 2594 526 2656 satira
557 2594 588 2656 in
626 2594 703 2656 diras
728 2597 844 2676 partes,
868 2594 1075 2676 posteriorem
1099 2599 1171 2658 tan·

104 2723 177 2781 tum
202 2716 264 2798 (vv.
291 2719 375 2780 56-
336 2717 458 2799 -208)
482 2719 609 2794 rettine
586 2719 723 2801 tquasi
746 2723 852 2782 mente
878 2722 909 2781 et
933 2716 1171 2802 ingenioluve-

104 2843 191 2906 nalis
238 2843 382 2927 dignam3
430 2843 564 2926 priorem
611 2847 735 2925 parem
774 2848 836 2918 (vv.
879 2843 999 2925 1-5-5)
1038 2845 1169 2927 respuit.

106 2967 283 3052 Integritat
286 2989 336 3031 em
368 2968 479 3031 horum
503 2989 650 3032 versuum
674 2971 740 3029 tam
763 2968 969 3030 vehementer
992 2969 1171 3052 impugnat,

108 3099 156 3157 tot
181 3115 304 3169 causas,
329 3093 425 3155 etiam
449 3093 635 3170 levissimas,
653 3093 693 3154 ad
710 3092 900 3154 sententiam
916 3114 1005 3154 suam
1021 3093 1172 3156 tuendam

108 3221 282 3282 advocatas
307 3217 447 3294 adhibet,
472 3221 506 3279 ut
530 3217 689 3280 interdum
713 3216 808 3279 iocari
829 3216 933 3298 potius
950 3238 1045 3298 quam
1062 3238 1171 3280 severe

108 3364 208 3427 agere
232 3343 386 3405 videatur.
434 3342 486 3404 Ad
509 3365 539 3406 v,
566 3344 605 3406 13
631 3342 771 3419 adnotat,
796 3341 863 3403 fieri
888 3362 950 3403 non
973 3363 1075 3423 posse.
1100 3363 1171 3405 cum

108 3469 208 3531 verba
243 3467 298 3530 illa
322 3467 385 3528 iam
408 3467 591 3549 perlucente
616 3467 707 3529 ruina
730 3466 884 3549 legamus,
910 3469 944 3527 nt
967 3466 1006 3528 de
1029 3467 1171 3530 vestibus

109 3593 263 3654 rimarum
297 3592 400 3674 plenis
435 3613 497 3654 non
533 3592 720 3675 cogitemus.
767 3590 820 3653 Sic
845 3592 945 3654 multa
968 3593 1076 3670 habet,
1101 3614 1171 3674 quae

110 3722 141 3779 in
166 3739 260 3781 versu
286 3717 326 3778 14
351 3716 579 3798 reprehendat:

262 3847 375 3921 interea
398 3853 505 3922 gustus
529 3848 673 3904 elementa
696 3867 749 3921 per
772 3847 870 3906 omnia
894 3851 1034 3922 quaerunt

223 4017 242 4084 ¹)
262 4019 393 4070 Hurunrcu
413 4017 431 4070 l.
452 4017 469 4069 l.
490 4018 509 4070 l.
529 4036 555 4085 p.
576 4017 635 4070 108.

222 4104 242 4172 ¹)
262 4107 382 4159 annncs
401 4107 419 4159 l.
440 4107 457 4159 l.
477 4125 503 4174 p.
524 4106 566 4158 83.
