2854 4828
569 429 742 492 „43-

19 621 20 652 z
108 630 206 672 esse:
242 630 313 692 quae
347 608 438 671 labra
464 643 501 652 -
528 629 590 690 quo
612 609 694 670 teste
717 607 881 690 probavit;
912 608 994 670 bene
1018 605 1116 670 habet
1142 639 1182 648 -

106 733 215 797 turba
238 735 378 796 tremens
402 729 538 813 (Remi);
562 731 779 814 perituros-
796 732 929 807 multos;
952 729 1125 813 pallidulus
1143 765 1183 774 -—

109 857 284 920 dominum
319 855 438 921 trahat.
484 855 651 939 Responsa
684 856 812 920 illorum
847 857 1016 920 verborum
1050 856 1186 937 aposta

108 982 222 1045 reddi.
269 980 376 1065 Atque
411 981 443 1048 in
472 981 541 1064 ipsa
564 982 735 1046 verborum
758 981 860 1046 forma
883 980 966 1044 hanc
990 979 1186 1066 distributio-

110 1129 194 1170 nem
230 1106 344 1184 inesse,
379 1105 518 1170 Kiaerius
553 1106 735 1182 confirmet3
771 1105 906 1168 alterum
942 1105 1027 1168 enim
1057 1103 1184 1186 ubique,

111 1231 260 1294 alterum
283 1252 438 1313 nusquam
462 1230 567 1312 prima
589 1230 679 1294 verbi
703 1251 837 1312 persone
859 1230 917 1294 uti.

229 1353 284 1433 Ut,
319 1355 396 1438 quid
430 1355 499 1437 ipse
528 1377 683 1432 censeam,
708 1354 819 1437 paucis
846 1354 1023 1436 explanem,
1047 1354 1186 1436 primum

110 1480 260 1544 omnium
284 1479 488 1544 manifestum
513 1482 561 1542 est
584 1501 634 1542 vv.
660 1479 789 1542 65--67
816 1481 943 1562 apoeta
960 1478 1032 1542 dici.
1072 1479 1185 1578 Agno-

110 1605 238 1669 scimus
273 1605 372 1668 verba
406 1604 472 1682 illa,
507 1603 671 1667 irrisionis⁴
691 1604 796 1686 plena,
820 1625 891 1687 quae
915 1604 979 1667 iam
1004 1603 1073 1666 eliis
1097 1603 1185 1680 locis,

112 1734 154 1794 ut
191 1726 248 1793 VI.
285 1730 337 1805 51,
375 1729 415 1791 78
452 1730 523 1805 eet,
560 1728 747 1791 audivimus.
793 1727 1001 1812 Reliquorum
1036 1749 1185 1791 versuum

111 1852 304 1916 distributio
328 1873 392 1916 non
415 1851 520 1915 facilis
545 1855 602 1931 est,
627 1852 760 1916 fortasse
784 1874 824 1918 ne
848 1852 1027 1915 necessaria
1046 1851 1184 1934 quidem.

110 1977 206 2042 Satis
241 1979 290 2040 est
324 1977 416 2056 scire,
452 1998 612 2040 sermones
645 1998 753 2040 eornm
777 1975 903 2058 respici,
927 1977 993 2059 qui,
1017 1978 1186 2059 postquam

112 2100 313 2185 supplicium
350 2101 388 2164 de
421 2098 535 2165 Seiano
559 2105 720 2186 sumptum
744 2103 802 2179 est,
826 2101 954 2164 domum
978 2101 1128 2177 redeunt;
1153 2100 1185 2164 id

110 2227 204 2311 quod
227 2226 284 2289 illa
307 2227 405 2290 verba
429 2223 492 2306 (vv.
518 2225 662 2307 88-89)
686 2224 871 2289 ostendunt:

768 2417 800 2475 hi
822 2437 970 2476 sermones

273 2529 345 2584 tnnc
369 2527 404 2584 de
429 2524 543 2595 Seiano,
568 2527 680 2583 secreta
704 2525 767 2583 haec
790 2544 945 2582 murmura
969 2525 1052 2602 vulgi

226 2724 286 2789 Vr.
324 2726 454 2790 67—70
485 2725 540 2790 uni
562 2724 686 2788 homini
709 2724 808 2788 tribui
832 2728 973 2807 possunt,
997 2728 1130 2808 possunt
1154 2730 1185 2789 et

114 2851 250 2914 dnobus.
297 2847 372 2914 Non
399 2850 508 2934 magni
532 2849 684 2914 momenti
707 2854 764 2924 est,
789 2871 892 2932 neque
917 2853 975 2929 est,
1000 2871 1056 2914 cur
1079 2850 1185 2914 conie-

117 2977 229 3037 cturas
253 2975 291 3038 de
317 2975 492 3038 eiusmodi
516 2976 611 3038 rebus
627 2975 792 3038 faciemus.
828 2973 905 3049 Quae
922 2977 1114 3058 sequuntur:
1139 2975 1185 3038 nil

114 3099 232 3162 horum
266 3135 307 3144 -
343 3123 362 3162 a
394 3099 535 3182 Capreis
560 3121 746 3182 responsum
771 3100 943 3166 continent.
991 3099 1184 3164 Cuiusnam?

115 3223 264 3296 Alicuius
300 3223 338 3288 de
369 3223 464 3306 plebe
489 3224 556 3288 sine
581 3225 677 3289 dubio
701 3223 778 3301 (cfr.
803 3247 832 3289 v.
858 3224 923 3306 88).
972 3223 1059 3288 Bene
1084 3222 1183 3288 habet

120 3385 163 3394 —-
199 3349 373 3434 interrogo,
408 3349 506 3413 verbe
541 3352 615 3413 sunt
649 3349 726 3427 eius,
758 3349 813 3432 qui
836 3370 933 3431 supra
955 3348 1183 3435 interrogavit:

116 3495 191 3558 quae
226 3473 317 3539 labra
348 3478 407 3538 cet.
454 3472 531 3548 Ques
557 3473 670 3538 deinde
694 3479 886 3557 sequuntur:
910 3473 967 3537 sed
989 3474 1066 3557 quid
1089 3476 1185 3539 turba

119 3634 163 3644 -
198 3620 314 3682 panem
351 3602 384 3662 et
407 3599 574 3678 circenses,
599 3621 670 3662 mea
693 3597 822 3683 quidem
844 3599 1003 3664 sententia
1027 3621 1089 3664 non
1112 3622 1185 3683 spe·

118 3724 297 3788 ctatoribus
320 3723 375 3787 sed
399 3722 542 3789 Iurennli
565 3723 628 3807 ipsi
645 3724 750 3787 danda
766 3725 849 3789 sunt.
884 3721 995 3790 Utitur
1017 3723 1078 3788 hec
1094 3745 1184 3788 occa-

118 3849 207 3912 sione
231 3847 264 3912 in
288 3848 407 3912 medios
431 3869 591 3912 sermones
616 3869 654 3912 ea
677 3849 848 3928 inserendi,
872 3871 943 3932 quae
960 3849 998 3913 de
1015 3848 1184 3913 mobilibus

120 3973 234 4037 animis
258 3974 348 4059 vulgi
371 3973 483 4052 sentit3
517 3974 638 4036 occasio
663 3976 812 4058 exoptata
835 3975 977 4058 profecto
1000 3996 1033 4038 se
1057 3973 1183 4038 obtulit.

119 4095 209 4162 Inter
232 4099 344 4162 breves
368 4102 401 4162 et
424 4099 563 4163 curiosas
583 4101 796 4182 spectatorum
814 4097 1081 4184 interrogationes
1097 4097 1184 4162 loeus
