<?xml version="1.0" encoding="UTF-8"?>
<!DOCTYPE html PUBLIC "-//W3C//DTD XHTML 1.0 Transitional//EN"
    "http://www.w3.org/TR/xhtml1/DTD/xhtml1-transitional.dtd">
<html xmlns="http://www.w3.org/1999/xhtml" xml:lang="en" lang="en">
 <head>
  <title>
</title>
<meta http-equiv="Content-Type" content="text/html;charset=utf-8" />
  <meta name='ocr-system' content='tesseract 3.04.00' />
  <meta name='ocr-capabilities' content='ocr_page ocr_carea ocr_par ocr_line ocrx_word'/>
</head>
<body>
  <div class='ocr_page' id='page_1' title='image "./deargumentidisp00grylgoog_0256.png"; bbox 0 0 2930 4836; ppageno 0'>
   <div class='ocr_carea' id='block_1_1' title="bbox 571 455 766 556">
    <p class='ocr_par' dir='ltr' id='par_1_1' title="bbox 571 455 766 556">
     <span class='ocr_line' id='line_1_1' title="bbox 571 455 766 556; baseline 0 -52"><span class='ocrx_word' id='word_1_1' title='bbox 571 455 766 556; x_wconf 48' lang='grc'>...137-</span> 
     </span>
    </p>
   </div>
   <div class='ocr_carea' id='block_1_2' title="bbox 135 635 1202 720">
    <p class='ocr_par' dir='ltr' id='par_1_2' title="bbox 135 635 1202 720">
     <span class='ocr_line' id='line_1_2' title="bbox 135 635 1202 720; baseline -0.001 -22"><span class='ocrx_word' id='word_1_2' title='bbox 135 657 232 720; x_wconf 86' lang='lat' dir='ltr'>quam</span> <span class='ocrx_word' id='word_1_3' title='bbox 243 636 361 700; x_wconf 86' lang='lat' dir='ltr'>fractos</span> <span class='ocrx_word' id='word_1_4' title='bbox 373 658 476 715; x_wconf 76' lang='lat' dir='ltr'>nasce,</span> <span class='ocrx_word' id='word_1_5' title='bbox 490 641 600 719; x_wconf 88' lang='lat' dir='ltr'>ruptas</span> <span class='ocrx_word' id='word_1_6' title='bbox 614 657 723 718; x_wconf 89' lang='lat' dir='ltr'>genas,</span> <span class='ocrx_word' id='word_1_7' title='bbox 737 635 859 698; x_wconf 88' lang='lat' dir='ltr'>hiantia</span> <span class='ocrx_word' id='word_1_8' title='bbox 871 657 950 712; x_wconf 86' lang='lat' dir='ltr'>ossa,</span> <span class='ocrx_word' id='word_1_9' title='bbox 962 635 1084 698; x_wconf 87' lang='lat' dir='ltr'>clausos</span> <span class='ocrx_word' id='word_1_10' title='bbox 1095 635 1202 698; x_wconf 87' lang='lat' dir='ltr'>oculos</span> 
     </span>
    </p>
   </div>
   <div class='ocr_carea' id='block_1_3' title="bbox 136 760 1201 841">
    <p class='ocr_par' dir='ltr' id='par_1_3' title="bbox 136 760 1201 841">
     <span class='ocr_line' id='line_1_3' title="bbox 136 760 1201 841; baseline 0 -17"><span class='ocrx_word' id='word_1_11' title='bbox 136 763 404 840; x_wconf 84' lang='lat' dir='ltr'>commemoravit,</span> <span class='ocrx_word' id='word_1_12' title='bbox 429 762 671 826; x_wconf 88' lang='lat' dir='ltr'>iucundissimos</span> <span class='ocrx_word' id='word_1_13' title='bbox 694 761 752 824; x_wconf 89' lang='lat' dir='ltr'>hos</span> <span class='ocrx_word' id='word_1_14' title='bbox 775 782 885 824; x_wconf 86' lang='lat' dir='ltr'>versus</span> <span class='ocrx_word' id='word_1_15' title='bbox 910 761 999 823; x_wconf 86' lang='lat' dir='ltr'>addit</span> <span class='ocrx_word' id='word_1_16' title='bbox 1023 760 1201 841; x_wconf 84' lang='grc'>(59-60);</span> 
     </span>
    </p>
   </div>
   <div class='ocr_carea' id='block_1_4' title="bbox 276 908 1054 1090">
    <p class='ocr_par' dir='ltr' id='par_1_4' title="bbox 276 908 1054 1090">
     <span class='ocr_line' id='line_1_4' title="bbox 277 908 988 984; baseline 0 -18"><span class='ocrx_word' id='word_1_17' title='bbox 277 909 378 966; x_wconf 88' lang='lat' dir='ltr'>ludere</span> <span class='ocrx_word' id='word_1_18' title='bbox 402 927 432 967; x_wconf 89' lang='lat' dir='ltr'>se</span> <span class='ocrx_word' id='word_1_19' title='bbox 457 910 582 967; x_wconf 87' lang='lat' dir='ltr'>credunt</span> <span class='ocrx_word' id='word_1_20' title='bbox 604 909 660 983; x_wconf 86' lang='lat' dir='ltr'>ipsi</span> <span class='ocrx_word' id='word_1_21' title='bbox 684 912 784 966; x_wconf 88' lang='lat' dir='ltr'>tamen</span> <span class='ocrx_word' id='word_1_22' title='bbox 808 912 838 966; x_wconf 90' lang='lat' dir='ltr'>et</span> <span class='ocrx_word' id='word_1_23' title='bbox 861 908 988 984; x_wconf 88' lang='lat' dir='ltr'>pueriles</span> 
     </span>
     <span class='ocr_line' id='line_1_5' title="bbox 276 1016 1054 1090; baseline -0.003 -16"><span class='ocrx_word' id='word_1_24' title='bbox 276 1035 410 1074; x_wconf 85' lang='lat' dir='ltr'>exercere</span> <span class='ocrx_word' id='word_1_25' title='bbox 435 1017 519 1085; x_wconf 87' lang='lat' dir='ltr'>acies,</span> <span class='ocrx_word' id='word_1_26' title='bbox 545 1017 625 1090; x_wconf 90' lang='lat' dir='ltr'>quod</span> <span class='ocrx_word' id='word_1_27' title='bbox 649 1017 731 1074; x_wconf 88' lang='lat' dir='ltr'>nulla</span> <span class='ocrx_word' id='word_1_28' title='bbox 755 1016 899 1074; x_wconf 86' lang='lat' dir='ltr'>cadavera</span> <span class='ocrx_word' id='word_1_29' title='bbox 923 1016 1054 1074; x_wconf 77' lang='lat' dir='ltr'>calcent!</span> 
     </span>
    </p>
   </div>
   <div class='ocr_carea' id='block_1_5' title="bbox 243 1167 1199 1254">
    <p class='ocr_par' dir='ltr' id='par_1_5' title="bbox 243 1167 1199 1254">
     <span class='ocr_line' id='line_1_6' title="bbox 243 1167 1199 1254; baseline -0.002 -21"><span class='ocrx_word' id='word_1_30' title='bbox 243 1170 317 1234; x_wconf 85' lang='lat' dir='ltr'>Mox</span> <span class='ocrx_word' id='word_1_31' title='bbox 340 1171 363 1233; x_wconf 91' lang='lat' dir='ltr'>ii</span> <span class='ocrx_word' id='word_1_32' title='bbox 387 1173 561 1254; x_wconf 86' lang='lat' dir='ltr'>sequuntur</span> <span class='ocrx_word' id='word_1_33' title='bbox 584 1176 644 1248; x_wconf 89' lang='lat' dir='ltr'><strong>(vv.</strong></span> <span class='ocrx_word' id='word_1_34' title='bbox 671 1172 712 1234; x_wconf 82' lang='lat'>65</span> <span class='ocrx_word' id='word_1_35' title='bbox 737 1170 830 1253; x_wconf 82' lang='lat' dir='ltr'>sqq),</span> <span class='ocrx_word' id='word_1_36' title='bbox 855 1171 909 1253; x_wconf 93' lang='lat' dir='ltr'>qui</span> <span class='ocrx_word' id='word_1_37' title='bbox 933 1173 1006 1234; x_wconf 87' lang='lat' dir='ltr'>sunt</span> <span class='ocrx_word' id='word_1_38' title='bbox 1023 1170 1060 1232; x_wconf 91' lang='lat' dir='ltr'>de</span> <span class='ocrx_word' id='word_1_39' title='bbox 1077 1167 1199 1246; x_wconf 84' lang='lat' dir='ltr'>Turno,</span> 
     </span>
    </p>
   </div>
   <div class='ocr_carea' id='block_1_6' title="bbox 136 1283 1308 1378">
    <p class='ocr_par' dir='ltr' id='par_1_6' title="bbox 136 1283 1308 1378">
     <span class='ocr_line' id='line_1_7' title="bbox 136 1283 1308 1378; baseline -0.002 -20"><span class='ocrx_word' id='word_1_40' title='bbox 136 1295 236 1359; x_wconf 80' lang='lat' dir='ltr'><strong>Aiace</strong></span> <span class='ocrx_word' id='word_1_41' title='bbox 261 1300 336 1361; x_wconf 84' lang='lat' dir='ltr'>oet:</span> <span class='ocrx_word' id='word_1_42' title='bbox 362 1295 470 1378; x_wconf 90' lang='lat' dir='ltr'>aptine</span> <span class='ocrx_word' id='word_1_43' title='bbox 495 1317 534 1358; x_wconf 89' lang='lat' dir='ltr'>an</span> <span class='ocrx_word' id='word_1_44' title='bbox 559 1295 680 1378; x_wconf 78' lang='lat' dir='ltr'>inepti?</span> <span class='ocrx_word' id='word_1_45' title='bbox 714 1293 795 1369; x_wconf 81' lang='lat' dir='ltr'>Quid</span> <span class='ocrx_word' id='word_1_46' title='bbox 821 1295 858 1357; x_wconf 89' lang='lat' dir='ltr'>de</span> <span class='ocrx_word' id='word_1_47' title='bbox 881 1317 911 1357; x_wconf 86' lang='lat' dir='ltr'>v.</span> <span class='ocrx_word' id='word_1_48' title='bbox 931 1295 993 1357; x_wconf 81' lang='lat'>112</span> <span class='ocrx_word' id='word_1_49' title='bbox 1011 1294 1202 1357; x_wconf 81' lang='lat' dir='ltr'>dicendum?</span> <span class='ocrx_word' id='word_1_50' title='bbox 1297 1283 1308 1296; x_wconf 65' lang='grc'><strong>“</strong></span> 
     </span>
    </p>
   </div>
   <div class='ocr_carea' id='block_1_7' title="bbox 135 1419 1202 2504">
    <p class='ocr_par' dir='ltr' id='par_1_7' title="bbox 135 1419 1202 2004">
     <span class='ocr_line' id='line_1_8' title="bbox 136 1419 1202 1505; baseline -0.002 -22"><span class='ocrx_word' id='word_1_51' title='bbox 136 1419 189 1484; x_wconf 84' lang='lat' dir='ltr'>Sic</span> <span class='ocrx_word' id='word_1_52' title='bbox 223 1424 319 1504; x_wconf 89' lang='lat' dir='ltr'>poeta</span> <span class='ocrx_word' id='word_1_53' title='bbox 354 1445 372 1484; x_wconf 90' lang='lat' dir='ltr'>a</span> <span class='ocrx_word' id='word_1_54' title='bbox 406 1422 513 1486; x_wconf 88' lang='lat' dir='ltr'>iocoso</span> <span class='ocrx_word' id='word_1_55' title='bbox 548 1442 666 1505; x_wconf 83' lang='lat' dir='ltr'>genere</span> <span class='ocrx_word' id='word_1_56' title='bbox 702 1419 827 1483; x_wconf 86' lang='lat' dir='ltr'>dicendi</span> <span class='ocrx_word' id='word_1_57' title='bbox 851 1420 889 1482; x_wconf 92' lang='lat' dir='ltr'>ad</span> <span class='ocrx_word' id='word_1_58' title='bbox 915 1419 1031 1482; x_wconf 85' lang='lat' dir='ltr'>elatam</span> <span class='ocrx_word' id='word_1_59' title='bbox 1056 1419 1144 1482; x_wconf 89' lang='lat' dir='ltr'>illam</span> <span class='ocrx_word' id='word_1_60' title='bbox 1169 1421 1202 1481; x_wconf 88' lang='lat' dir='ltr'>et</span> 
     </span>
     <span class='ocr_line' id='line_1_9' title="bbox 136 1543 1195 1630; baseline -0.003 -22"><span class='ocrx_word' id='word_1_61' title='bbox 136 1545 341 1630; x_wconf 83' lang='lat' dir='ltr'>magnificam</span> <span class='ocrx_word' id='word_1_62' title='bbox 364 1547 539 1610; x_wconf 89' lang='lat' dir='ltr'>orationem</span> <span class='ocrx_word' id='word_1_63' title='bbox 563 1545 680 1608; x_wconf 86' lang='lat' dir='ltr'>sensim</span> <span class='ocrx_word' id='word_1_64' title='bbox 703 1545 829 1622; x_wconf 75' lang='lat' dir='ltr'>transit,</span> <span class='ocrx_word' id='word_1_65' title='bbox 854 1567 917 1627; x_wconf 92' lang='lat' dir='ltr'>qua</span> <span class='ocrx_word' id='word_1_66' title='bbox 941 1543 1014 1606; x_wconf 83' lang='lat' dir='ltr'>inde</span> <span class='ocrx_word' id='word_1_67' title='bbox 1039 1566 1111 1607; x_wconf 86' lang='lat' dir='ltr'>av.</span> <span class='ocrx_word' id='word_1_68' title='bbox 1137 1545 1195 1607; x_wconf 81' lang='lat'>131</span> 
     </span>
     <span class='ocr_line' id='line_1_10' title="bbox 138 1656 1201 1754; baseline -0.004 -20"><span class='ocrx_word' id='word_1_69' title='bbox 138 1671 332 1734; x_wconf 85' lang='lat' dir='ltr'>delectamur</span> <span class='ocrx_word' id='word_1_70' title='bbox 355 1693 488 1753; x_wconf 87' lang='lat' dir='ltr'>quaeque</span> <span class='ocrx_word' id='word_1_71' title='bbox 513 1656 656 1752; x_wconf 88' lang='lat' dir='ltr'>profecto</span> <span class='ocrx_word' id='word_1_72' title='bbox 673 1669 769 1754; x_wconf 89' lang='lat' dir='ltr'>digna</span> <span class='ocrx_word' id='word_1_73' title='bbox 787 1673 834 1732; x_wconf 87' lang='lat' dir='ltr'>est</span> <span class='ocrx_word' id='word_1_74' title='bbox 846 1664 913 1732; x_wconf 76' lang='lat' dir='ltr'>no&#39;n</span> <span class='ocrx_word' id='word_1_75' title='bbox 929 1670 1021 1732; x_wconf 89' lang='lat' dir='ltr'>modo</span> <span class='ocrx_word' id='word_1_76' title='bbox 1038 1665 1201 1748; x_wconf 89' lang='lat' dir='ltr'>Iuvenale,</span> 
     </span>
     <span class='ocr_line' id='line_1_11' title="bbox 135 1794 1202 1878; baseline -0.002 -20"><span class='ocrx_word' id='word_1_77' title='bbox 135 1818 247 1858; x_wconf 87' lang='lat' dir='ltr'>verum</span> <span class='ocrx_word' id='word_1_78' title='bbox 282 1796 401 1878; x_wconf 91' lang='lat' dir='ltr'>optimo</span> <span class='ocrx_word' id='word_1_79' title='bbox 435 1817 560 1878; x_wconf 90' lang='lat' dir='ltr'>quoque</span> <span class='ocrx_word' id='word_1_80' title='bbox 597 1818 635 1859; x_wconf 85' lang='lat' dir='ltr'>ex</span> <span class='ocrx_word' id='word_1_81' title='bbox 667 1795 705 1860; x_wconf 88' lang='lat' dir='ltr'>iis</span> <span class='ocrx_word' id='word_1_82' title='bbox 729 1795 855 1878; x_wconf 87' lang='lat' dir='ltr'>magnis</span> <span class='ocrx_word' id='word_1_83' title='bbox 879 1794 1098 1877; x_wconf 63' lang='lat' dir='ltr'>scriptoribus</span> <span class='ocrx_word' id='word_1_84' title='bbox 1123 1815 1202 1876; x_wconf 89' lang='lat' dir='ltr'>quos</span> 
     </span>
     <span class='ocr_line' id='line_1_12' title="bbox 136 1921 418 2004; baseline 0 -22"><span class='ocrx_word' id='word_1_85' title='bbox 136 1921 212 1984; x_wconf 90' lang='lat' dir='ltr'>tulit</span> <span class='ocrx_word' id='word_1_86' title='bbox 236 1922 418 2004; x_wconf 86' lang='lat' dir='ltr'>antiquitas.</span> 
     </span>
    </p>

    <p class='ocr_par' dir='ltr' id='par_1_8' title="bbox 137 2045 1201 2504">
     <span class='ocr_line' id='line_1_13' title="bbox 245 2045 1199 2130; baseline -0.003 -21"><span class='ocrx_word' id='word_1_87' title='bbox 245 2045 332 2109; x_wconf 86' lang='lat' dir='ltr'>Duas</span> <span class='ocrx_word' id='word_1_88' title='bbox 368 2045 517 2108; x_wconf 89' lang='lat' dir='ltr'>molestas</span> <span class='ocrx_word' id='word_1_89' title='bbox 548 2045 769 2130; x_wconf 69' lang='lat' dir='ltr'>digressiones</span> <span class='ocrx_word' id='word_1_90' title='bbox 795 2061 927 2126; x_wconf 88' lang='lat' dir='ltr'>quarum</span> <span class='ocrx_word' id='word_1_91' title='bbox 952 2067 1014 2107; x_wconf 90' lang='lat' dir='ltr'>una</span> <span class='ocrx_word' id='word_1_92' title='bbox 1038 2067 1087 2107; x_wconf 88' lang='lat' dir='ltr'>vv.</span> <span class='ocrx_word' id='word_1_93' title='bbox 1113 2046 1199 2106; x_wconf 79' lang='lat'>44—-</span> 
     </span>
     <span class='ocr_line' id='line_1_14' title="bbox 138 2153 1201 2252; baseline -0.004 -18"><span class='ocrx_word' id='word_1_94' title='bbox 138 2171 191 2249; x_wconf 80' lang='lat'>46,</span> <span class='ocrx_word' id='word_1_95' title='bbox 228 2171 329 2232; x_wconf 86' lang='lat' dir='ltr'>altera</span> <span class='ocrx_word' id='word_1_96' title='bbox 362 2193 412 2233; x_wconf 79' lang='lat' dir='ltr'>vv.</span> <span class='ocrx_word' id='word_1_97' title='bbox 450 2171 580 2233; x_wconf 77' lang='lat'>47—48</span> <span class='ocrx_word' id='word_1_98' title='bbox 614 2169 846 2252; x_wconf 79' lang='lat' dir='ltr'>complectitur,</span> <span class='ocrx_word' id='word_1_99' title='bbox 868 2153 1011 2231; x_wconf 74' lang='lat' dir='ltr'>Palmius</span> <span class='ocrx_word' id='word_1_100' title='bbox 1037 2171 1076 2232; x_wconf 87' lang='lat' dir='ltr'>ab</span> <span class='ocrx_word' id='word_1_101' title='bbox 1100 2169 1201 2231; x_wconf 88' lang='lat' dir='ltr'>inter-</span> 
     </span>
     <span class='ocr_line' id='line_1_15' title="bbox 137 2283 1201 2388; baseline -0.003 -30"><span class='ocrx_word' id='word_1_102' title='bbox 137 2283 279 2380; x_wconf 86' lang='lat' dir='ltr'>polatore</span> <span class='ocrx_word' id='word_1_103' title='bbox 294 2383 297 2388; x_wconf 25' lang='lat'><em>¹</em></span> <span class='ocrx_word' id='word_1_104' title='bbox 314 2296 447 2358; x_wconf 90' lang='lat' dir='ltr'>insertas</span> <span class='ocrx_word' id='word_1_105' title='bbox 479 2317 546 2358; x_wconf 88' lang='lat' dir='ltr'>esse</span> <span class='ocrx_word' id='word_1_106' title='bbox 571 2295 747 2372; x_wconf 88' lang='lat' dir='ltr'>confirmat,</span> <span class='ocrx_word' id='word_1_107' title='bbox 772 2295 826 2377; x_wconf 89' lang='lat' dir='ltr'>qui</span> <span class='ocrx_word' id='word_1_108' title='bbox 849 2294 1128 2376; x_wconf 86' lang='lat' dir='ltr'>intemperantiam</span> <span class='ocrx_word' id='word_1_109' title='bbox 1151 2292 1201 2356; x_wconf 88' lang='lat' dir='ltr'>lu-</span> 
     </span>
     <span class='ocr_line' id='line_1_16' title="bbox 138 2418 1200 2504; baseline -0.002 -22"><span class='ocrx_word' id='word_1_110' title='bbox 138 2442 275 2502; x_wconf 86' lang='lat' dir='ltr'>xumque</span> <span class='ocrx_word' id='word_1_111' title='bbox 300 2420 533 2504; x_wconf 87' lang='lat' dir='ltr'>Aegyptiorum</span> <span class='ocrx_word' id='word_1_112' title='bbox 557 2420 668 2482; x_wconf 85' lang='lat' dir='ltr'>stolide</span> <span class='ocrx_word' id='word_1_113' title='bbox 692 2419 825 2482; x_wconf 87' lang='lat' dir='ltr'>miratus</span> <span class='ocrx_word' id='word_1_114' title='bbox 850 2419 955 2482; x_wconf 85' lang='lat' dir='ltr'>facere</span> <span class='ocrx_word' id='word_1_115' title='bbox 972 2441 1033 2481; x_wconf 91' lang='lat' dir='ltr'>non</span> <span class='ocrx_word' id='word_1_116' title='bbox 1050 2418 1200 2501; x_wconf 91' lang='lat' dir='ltr'>potuerit,</span> 
     </span>
    </p>
   </div>
   <div class='ocr_carea' id='block_1_8' title="bbox 138 2531 1202 2628">
    <p class='ocr_par' dir='ltr' id='par_1_9' title="bbox 138 2531 1202 2628">
     <span class='ocr_line' id='line_1_17' title="bbox 138 2531 1202 2628; baseline -0.004 -20"><span class='ocrx_word' id='word_1_117' title='bbox 138 2545 216 2628; x_wconf 90' lang='lat' dir='ltr'>quin</span> <span class='ocrx_word' id='word_1_118' title='bbox 248 2544 501 2628; x_wconf 84' lang='lat' dir='ltr'>indignationem</span> <span class='ocrx_word' id='word_1_119' title='bbox 537 2553 626 2608; x_wconf 84' lang='lat' dir='ltr'>suam</span> <span class='ocrx_word' id='word_1_120' title='bbox 649 2531 741 2607; x_wconf 82' lang='lat' dir='ltr'>inalis</span> <span class='ocrx_word' id='word_1_121' title='bbox 765 2545 954 2628; x_wconf 88' lang='lat' dir='ltr'>quibusdam</span> <span class='ocrx_word' id='word_1_122' title='bbox 976 2544 1119 2606; x_wconf 89' lang='lat' dir='ltr'>versibus</span> <span class='ocrx_word' id='word_1_123' title='bbox 1142 2565 1202 2625; x_wconf 92' lang='lat' dir='ltr'>po-</span> 
     </span>
    </p>
   </div>
   <div class='ocr_carea' id='block_1_9' title="bbox 127 2665 1201 2751">
    <p class='ocr_par' dir='ltr' id='par_1_10' title="bbox 127 2665 1201 2751">
     <span class='ocr_line' id='line_1_18' title="bbox 127 2665 1201 2751; baseline 0 -19"><span class='ocrx_word' id='word_1_124' title='bbox 127 2669 232 2732; x_wconf 89' lang='lat' dir='ltr'>-steris</span> <span class='ocrx_word' id='word_1_125' title='bbox 256 2671 396 2732; x_wconf 88' lang='lat' dir='ltr'>traderet</span> <span class='ocrx_word' id='word_1_126' title='bbox 415 2668 449 2751; x_wconf 86' lang='lat'>¹).</span> <span class='ocrx_word' id='word_1_127' title='bbox 489 2665 620 2732; x_wconf 85' lang='lat' dir='ltr'>Iahnius</span> <span class='ocrx_word' id='word_1_128' title='bbox 645 2691 696 2732; x_wconf 88' lang='lat' dir='ltr'>eos</span> <span class='ocrx_word' id='word_1_129' title='bbox 713 2670 802 2732; x_wconf 90' lang='lat' dir='ltr'>uncis</span> <span class='ocrx_word' id='word_1_130' title='bbox 818 2669 969 2745; x_wconf 87' lang='lat' dir='ltr'>includit;</span> <span class='ocrx_word' id='word_1_131' title='bbox 995 2667 1201 2732; x_wconf 88' lang='lat' dir='ltr'>Heinriohius</span> 
     </span>
    </p>
   </div>
   <div class='ocr_carea' id='block_1_10' title="bbox 122 2793 1202 3500">
    <p class='ocr_par' dir='ltr' id='par_1_11' title="bbox 122 2793 1202 3500">
     <span class='ocr_line' id='line_1_19' title="bbox 137 2793 1201 2877; baseline -0.001 -21"><span class='ocrx_word' id='word_1_132' title='bbox 137 2795 263 2877; x_wconf 87' lang='lat' dir='ltr'>spurios</span> <span class='ocrx_word' id='word_1_133' title='bbox 281 2816 333 2857; x_wconf 89' lang='lat' dir='ltr'>eos</span> <span class='ocrx_word' id='word_1_134' title='bbox 351 2816 419 2857; x_wconf 89' lang='lat' dir='ltr'>esse</span> <span class='ocrx_word' id='word_1_135' title='bbox 437 2798 545 2876; x_wconf 89' lang='lat' dir='ltr'>aperte</span> <span class='ocrx_word' id='word_1_136' title='bbox 565 2794 760 2877; x_wconf 79' lang='lat' dir='ltr'>pronuntiat,</span> <span class='ocrx_word' id='word_1_137' title='bbox 777 2794 930 2857; x_wconf 91' lang='lat' dir='ltr'>iudicium</span> <span class='ocrx_word' id='word_1_138' title='bbox 946 2793 1097 2868; x_wconf 78' lang='lat' dir='ltr'>Franckii</span> <span class='ocrx_word' id='word_1_139' title='bbox 1114 2816 1201 2856; x_wconf 91' lang='lat' dir='ltr'>com·</span> 
     </span>
     <span class='ocr_line' id='line_1_20' title="bbox 137 2917 1200 3002; baseline -0.003 -20"><span class='ocrx_word' id='word_1_140' title='bbox 137 2919 286 3001; x_wconf 79' lang='lat' dir='ltr'>probans</span> <span class='ocrx_word' id='word_1_141' title='bbox 324 2918 425 2982; x_wconf 89' lang='lat' dir='ltr'>Miror</span> <span class='ocrx_word' id='word_1_142' title='bbox 442 2919 661 3002; x_wconf 80' lang='lat' dir='ltr'>integritatem</span> <span class='ocrx_word' id='word_1_143' title='bbox 678 2917 790 2982; x_wconf 91' lang='lat' dir='ltr'>horum</span> <span class='ocrx_word' id='word_1_144' title='bbox 807 2940 953 2981; x_wconf 81' lang='lat' dir='ltr'>versuum</span> <span class='ocrx_word' id='word_1_145' title='bbox 972 2941 989 2980; x_wconf 86' lang='lat' dir='ltr'>a</span> <span class='ocrx_word' id='word_1_146' title='bbox 1006 2918 1082 2981; x_wconf 86' lang='lat' dir='ltr'>viris</span> <span class='ocrx_word' id='word_1_147' title='bbox 1099 2918 1200 2981; x_wconf 86' lang='lat' dir='ltr'>doctis</span> 
     </span>
     <span class='ocr_line' id='line_1_21' title="bbox 137 3041 1200 3128; baseline -0.001 -24"><span class='ocrx_word' id='word_1_148' title='bbox 137 3045 227 3106; x_wconf 90' lang='lat' dir='ltr'>tanto</span> <span class='ocrx_word' id='word_1_149' title='bbox 250 3044 355 3106; x_wconf 88' lang='lat' dir='ltr'>studio</span> <span class='ocrx_word' id='word_1_150' title='bbox 378 3043 572 3127; x_wconf 87' lang='lat' dir='ltr'>impugnari.</span> <span class='ocrx_word' id='word_1_151' title='bbox 612 3041 761 3118; x_wconf 77' lang='lat' dir='ltr'>Quamvis</span> <span class='ocrx_word' id='word_1_152' title='bbox 787 3043 870 3106; x_wconf 90' lang='lat' dir='ltr'>enim</span> <span class='ocrx_word' id='word_1_153' title='bbox 896 3043 1107 3128; x_wconf 84' lang='lat' dir='ltr'>digressiones</span> <span class='ocrx_word' id='word_1_154' title='bbox 1125 3043 1200 3119; x_wconf 86' lang='lat' dir='ltr'>sint,</span> 
     </span>
     <span class='ocr_line' id='line_1_22' title="bbox 122 3167 1200 3251; baseline -0.002 -20"><span class='ocrx_word' id='word_1_155' title='bbox 122 3168 311 3232; x_wconf 87' lang='lat' dir='ltr'>orationem</span> <span class='ocrx_word' id='word_1_156' title='bbox 336 3168 424 3231; x_wconf 91' lang='lat' dir='ltr'>nullo</span> <span class='ocrx_word' id='word_1_157' title='bbox 447 3169 538 3231; x_wconf 89' lang='lat' dir='ltr'>modo</span> <span class='ocrx_word' id='word_1_158' title='bbox 561 3168 668 3250; x_wconf 90' lang='lat' dir='ltr'>inepte</span> <span class='ocrx_word' id='word_1_159' title='bbox 685 3169 930 3251; x_wconf 89' lang='lat' dir='ltr'>interrumpunt.</span> <span class='ocrx_word' id='word_1_160' title='bbox 966 3167 1200 3232; x_wconf 87' lang='lat' dir='ltr'>Usitatissimas</span> 
     </span>
     <span class='ocr_line' id='line_1_23' title="bbox 137 3290 1201 3377; baseline -0.001 -22"><span class='ocrx_word' id='word_1_161' title='bbox 137 3293 222 3377; x_wconf 91' lang='lat' dir='ltr'>apud</span> <span class='ocrx_word' id='word_1_162' title='bbox 257 3290 440 3356; x_wconf 87' lang='lat' dir='ltr'>Iuvenalem</span> <span class='ocrx_word' id='word_1_163' title='bbox 476 3293 508 3356; x_wconf 89' lang='lat' dir='ltr'>id</span> <span class='ocrx_word' id='word_1_164' title='bbox 536 3315 637 3377; x_wconf 88' lang='lat' dir='ltr'>genus</span> <span class='ocrx_word' id='word_1_165' title='bbox 661 3293 873 3377; x_wconf 85' lang='lat' dir='ltr'>digressiones</span> <span class='ocrx_word' id='word_1_166' title='bbox 898 3314 976 3366; x_wconf 86' lang='lat' dir='ltr'>esse,</span> <span class='ocrx_word' id='word_1_167' title='bbox 1000 3296 1110 3355; x_wconf 91' lang='lat' dir='ltr'>notum</span> <span class='ocrx_word' id='word_1_168' title='bbox 1134 3296 1201 3370; x_wconf 80' lang='lat' dir='ltr'>est3</span> 
     </span>
     <span class='ocr_line' id='line_1_24' title="bbox 136 3416 1202 3500; baseline -0.001 -20"><span class='ocrx_word' id='word_1_169' title='bbox 136 3417 222 3480; x_wconf 87' lang='lat' dir='ltr'>infra</span> <span class='ocrx_word' id='word_1_170' title='bbox 252 3439 301 3481; x_wconf 89' lang='lat' dir='ltr'>vv.</span> <span class='ocrx_word' id='word_1_171' title='bbox 327 3418 367 3479; x_wconf 80' lang='lat'>65</span> <span class='ocrx_word' id='word_1_172' title='bbox 391 3439 460 3500; x_wconf 86' lang='lat' dir='ltr'>sqq.</span> <span class='ocrx_word' id='word_1_173' title='bbox 486 3417 619 3481; x_wconf 90' lang='lat' dir='ltr'>alteram</span> <span class='ocrx_word' id='word_1_174' title='bbox 643 3416 807 3496; x_wconf 64' lang='lat' dir='ltr'>hahemus</span> <span class='ocrx_word' id='word_1_175' title='bbox 832 3439 894 3500; x_wconf 92' lang='lat' dir='ltr'>qua</span> <span class='ocrx_word' id='word_1_176' title='bbox 918 3417 1008 3479; x_wconf 88' lang='lat' dir='ltr'>finita</span> <span class='ocrx_word' id='word_1_177' title='bbox 1032 3417 1202 3498; x_wconf 86' lang='lat' dir='ltr'>poeta.his</span> 
     </span>
    </p>
   </div>
   <div class='ocr_carea' id='block_1_11' title="bbox 138 3542 849 3622">
    <p class='ocr_par' dir='ltr' id='par_1_12' title="bbox 138 3542 849 3622">
     <span class='ocr_line' id='line_1_25' title="bbox 138 3542 849 3622; baseline 0.001 -17"><span class='ocrx_word' id='word_1_178' title='bbox 138 3542 243 3605; x_wconf 89' lang='lat' dir='ltr'>verbis</span> <span class='ocrx_word' id='word_1_179' title='bbox 267 3563 304 3605; x_wconf 94' lang='lat' dir='ltr'>eo</span> <span class='ocrx_word' id='word_1_180' title='bbox 328 3542 411 3604; x_wconf 88' lang='lat' dir='ltr'>redit</span> <span class='ocrx_word' id='word_1_181' title='bbox 435 3543 517 3605; x_wconf 90' lang='lat' dir='ltr'>unde</span> <span class='ocrx_word' id='word_1_182' title='bbox 543 3543 713 3622; x_wconf 87' lang='lat' dir='ltr'>aberravit,</span> <span class='ocrx_word' id='word_1_183' title='bbox 737 3566 767 3607; x_wconf 82' lang='lat' dir='ltr'>v.</span> <span class='ocrx_word' id='word_1_184' title='bbox 793 3542 849 3606; x_wconf 82' lang='lat'>72:</span> 
     </span>
    </p>
   </div>
   <div class='ocr_carea' id='block_1_12' title="bbox 406 3690 932 3765">
    <p class='ocr_par' dir='ltr' id='par_1_13' title="bbox 406 3690 932 3765">
     <span class='ocr_line' id='line_1_26' title="bbox 406 3690 932 3765; baseline 0 -17"><span class='ocrx_word' id='word_1_185' title='bbox 406 3711 422 3748; x_wconf 88' lang='lat' dir='ltr'>a</span> <span class='ocrx_word' id='word_1_186' title='bbox 446 3691 628 3749; x_wconf 87' lang='lat' dir='ltr'>deverticulo</span> <span class='ocrx_word' id='word_1_187' title='bbox 652 3693 807 3765; x_wconf 84' lang='lat' dir='ltr'>repetatur</span> <span class='ocrx_word' id='word_1_188' title='bbox 830 3690 932 3748; x_wconf 88' lang='lat' dir='ltr'>fabula</span> 
     </span>
    </p>
   </div>
   <div class='ocr_carea' id='block_1_13' title="bbox 139 3843 1205 4054">
    <p class='ocr_par' dir='ltr' id='par_1_14' title="bbox 139 3843 1205 4054">
     <span class='ocr_line' id='line_1_27' title="bbox 245 3843 1201 3928; baseline 0 -20"><span class='ocrx_word' id='word_1_189' title='bbox 245 3843 313 3910; x_wconf 88' lang='lat' dir='ltr'>Hoc</span> <span class='ocrx_word' id='word_1_190' title='bbox 338 3844 461 3909; x_wconf 88' lang='lat' dir='ltr'>Palmio</span> <span class='ocrx_word' id='word_1_191' title='bbox 484 3845 577 3909; x_wconf 86' lang='lat' dir='ltr'>facile</span> <span class='ocrx_word' id='word_1_192' title='bbox 602 3845 749 3923; x_wconf 85' lang='lat' dir='ltr'>concedo,</span> <span class='ocrx_word' id='word_1_193' title='bbox 774 3845 848 3908; x_wconf 87' lang='lat' dir='ltr'>festi</span> <span class='ocrx_word' id='word_1_194' title='bbox 872 3845 1127 3928; x_wconf 86' lang='lat' dir='ltr'>descriptionem,</span> <span class='ocrx_word' id='word_1_195' title='bbox 1145 3846 1201 3908; x_wconf 92' lang='lat' dir='ltr'>de·</span> 
     </span>
     <span class='ocr_line' id='line_1_28' title="bbox 139 3969 1205 4054; baseline 0.001 -21"><span class='ocrx_word' id='word_1_196' title='bbox 139 3970 214 4033; x_wconf 86' lang='lat' dir='ltr'>letis</span> <span class='ocrx_word' id='word_1_197' title='bbox 237 3993 287 4034; x_wconf 87' lang='lat' dir='ltr'>vv.</span> <span class='ocrx_word' id='word_1_198' title='bbox 313 3971 454 4049; x_wconf 78' lang='lat'>44-48,</span> <span class='ocrx_word' id='word_1_199' title='bbox 478 3992 541 4034; x_wconf 88' lang='lat' dir='ltr'>uon</span> <span class='ocrx_word' id='word_1_200' title='bbox 565 3971 764 4053; x_wconf 87' lang='lat' dir='ltr'>interrumpi,</span> <span class='ocrx_word' id='word_1_201' title='bbox 788 3970 844 4033; x_wconf 89' lang='lat' dir='ltr'>sed</span> <span class='ocrx_word' id='word_1_202' title='bbox 860 3993 1006 4054; x_wconf 85' lang='lat' dir='ltr'>quaenam</span> <span class='ocrx_word' id='word_1_203' title='bbox 1022 3969 1090 4036; x_wconf 85' lang='lat' dir='ltr'>haec</span> <span class='ocrx_word' id='word_1_204' title='bbox 1107 3993 1205 4036; x_wconf 84' lang='lat' dir='ltr'>causa</span> 
     </span>
    </p>
   </div>
   <div class='ocr_carea' id='block_1_14' title="bbox 249 4147 529 4216">
    <p class='ocr_par' dir='ltr' id='par_1_15' title="bbox 249 4147 529 4216">
     <span class='ocr_line' id='line_1_29' title="bbox 249 4147 529 4216; baseline 0.004 -16"><span class='ocrx_word' id='word_1_205' title='bbox 249 4147 267 4216; x_wconf 78' lang='lat'>¹)</span> <span class='ocrx_word' id='word_1_206' title='bbox 288 4147 364 4200; x_wconf 70' lang='lat' dir='ltr'>Plau</span> <span class='ocrx_word' id='word_1_207' title='bbox 383 4147 401 4200; x_wconf 92' lang='lat' dir='ltr'>l.</span> <span class='ocrx_word' id='word_1_208' title='bbox 421 4147 439 4200; x_wconf 87' lang='lat' dir='ltr'>l.</span> <span class='ocrx_word' id='word_1_209' title='bbox 459 4166 484 4216; x_wconf 89' lang='lat' dir='ltr'>p.</span> <span class='ocrx_word' id='word_1_210' title='bbox 505 4149 529 4201; x_wconf 86' lang='grc'>6.</span> 
     </span>
    </p>
   </div>
   <div class='ocr_carea' id='block_1_15' title="bbox 0 0 1473 4836">
    <p class='ocr_par' dir='ltr' id='par_1_16' title="bbox 0 0 1473 4836">
     <span class='ocr_line' id='line_1_30' title="bbox 0 0 1473 4836; baseline 0 0"><span class='ocrx_word' id='word_1_211' title='bbox 0 0 1473 4836; x_wconf 95' lang='lat' dir='ltr'> </span> 
     </span>
    </p>
   </div>
  </div>
 </body>
</html>
