2916 4834
637 506 640 514 ,
740 419 914 482 -46-

297 596 352 679 qui
375 599 550 679 sequuntur
572 619 623 662 vv.
649 595 812 677 72-154,
836 617 888 661 ecs
911 599 1057 660 nontam
1073 596 1167 661 facile
1183 596 1358 680 relinquere

294 721 483 805 poterimus
530 718 729 786 inducuntur
752 723 793 787 ab
815 721 879 785 illis
901 722 1008 786 verbis
1048 790 1058 808 ‚
1115 815 1116 820 γ

528 844 532 864 ,

511 888 689 946 seddeerat
712 887 786 966 pisci
808 887 919 964 patinae
943 906 1091 958 mensura,
1165 879 1167 884 ’

296 1042 380 1106 unde
414 1044 510 1126 poeta
539 1044 732 1126 potestatem
754 1041 852 1105 sumit
876 1043 916 1106 cd
940 1042 1106 1106 eonsilium
1128 1042 1234 1125 ipsum
1257 1045 1360 1105 trans-

298 1166 403 1232 eundi.
450 1165 595 1232 Primum
617 1167 718 1254 igitur
741 1188 781 1231 ex
804 1166 916 1231 aulicis
940 1189 1038 1232 unum
1060 1168 1132 1250 post
1156 1167 1292 1230 alterum
1314 1166 1362 1229 in·

298 1291 394 1371 ducit,
435 1291 548 1355 deinde
588 1291 754 1356 consilium
793 1313 902 1355 eorum
937 1294 1170 1370 commemorat,
1205 1293 1364 1376 postremo

297 1415 395 1479 misso
430 1416 560 1480 consilio
595 1415 635 1480 ad
669 1416 831 1501 epilogum
857 1415 982 1480 transit.
1029 1412 1068 1478 In
1090 1416 1230 1479 moribus
1254 1415 1363 1500 singu-

296 1541 402 1605 lorum
436 1541 653 1606 describendis
685 1540 786 1605 multe
814 1544 882 1605 arte
907 1541 990 1627 agit3
1014 1540 1096 1604 nihil
1119 1540 1247 1605 uberius
1271 1541 1364 1604 simul

299 1670 331 1728 et
354 1665 483 1730 brevius
506 1665 641 1750 cogitari
664 1668 769 1749 potest
792 1687 888 1749 quem
911 1665 935 1728 ii
957 1687 1077 1745 versus,
1094 1665 1210 1748 quibus
1227 1663 1363 1748 Crispos

299 1789 452 1869 Catullos,
488 1793 548 1854 cet.
578 1791 669 1854 nobis
693 1793 767 1854 ante
791 1790 897 1854 oculos
921 1789 1063 1854 collocat.
1110 1787 1171 1854 Sed
1194 1792 1269 1853 sunt
1291 1811 1362 1874 quae

298 1917 339 1979 ab
372 1915 546 1979 editoribus
576 1915 622 1979 ibi
652 1914 941 1998 reprehendentur:
966 1936 1028 1998 quo
1051 1914 1120 1978 iure
1144 1914 1253 1977 statim
1275 1914 1365 1978 vide-

298 2039 413 2105 bimus.

405 2163 494 2238 Quod
517 2155 552 2228 in
574 2163 635 2228 hac
659 2185 782 2247 quoque
807 2164 913 2228 satirae
936 2166 1028 2247 parte
1051 2165 1148 2246 poeta
1171 2163 1292 2227 crebris
1316 2163 1365 2226 in·

298 2289 577 2374 terrogationibus,
613 2288 789 2367 sententiis,
825 2292 885 2353 cet.
920 2288 1030 2366 utitur,
1065 2309 1127 2352 non
1158 2288 1274 2350 mirum
1306 2290 1364 2352 est.

299 2412 399 2478 Cuius
422 2414 469 2477 rei
493 2413 675 2497 exemplum
697 2413 763 2476 iam
785 2436 815 2478 v.
840 2413 881 2476 78
905 2412 1084 2478 invenimus

508 2532 588 2637 ianne
612 2579 693 2637 eliud
715 2581 788 2637 tunc
811 2579 964 2654 praefecti?

299 2733 385 2797 Huic
413 2733 521 2797 versui
550 2732 747 2797 Ribbeckius
771 2732 908 2812 irritum,
931 2736 968 2796 ut
990 2733 1166 2818 opinemur,
1191 2732 1291 2796 ictum
1316 2732 1366 2795 in-

300 2857 412 2943 fligere
436 2862 579 2922 conatur.
626 2857 785 2922 Tenuisne
807 2860 878 2941 post
901 2879 1029 2921 versum
1052 2857 1294 2921 antecedentem
1318 2857 1366 2922 vi·

300 2983 413 3046 dentur
446 3003 557 3062 necne,
592 3004 655 3046 non
689 2982 784 3046 facile
818 2981 949 3062 iudices,
985 3003 1058 3045 cum
1087 2982 1125 3045 de
1149 2981 1305 3066 gustibus
1332 2985 1367 3045 ut

301 3106 400 3186 ciunt,
436 3106 598 3190 disputare
633 3128 697 3170 non
729 3106 837 3186 liceat,
873 3107 929 3170 sed
962 3106 1054 3170 nobis
1083 3105 1153 3170 haec
1182 3107 1281 3170 verbe
1303 3127 1367 3170 non

300 3233 499 3314 aspernanda
532 3232 691 3296 videntur.
744 3231 866 3295 Eodem
900 3231 968 3295 fere
1002 3231 1095 3295 modo
1130 3234 1225 3314 poeta
1254 3227 1298 3294 ΙΙ.
1326 3231 1367 3294 65

300 3357 478 3441 interroget

515 3520 588 3597 quid
610 3521 688 3580 enim
711 3521 780 3580 falsi
802 3520 951 3581 Laronia?

300 3690 389 3756 Infra
424 3688 512 3773 (Vll.
549 3691 627 3774 199)
658 3692 744 3757 aliud
771 3692 866 3756 huius
890 3691 1088 3756 simillimum
1111 3692 1293 3776 exemplum
1316 3714 1368 3756 se·
1431 3705 1432 3710 ’

301 3821 430 3901 quetur:

815 4002 890 4041 anne
914 3981 995 4041 aliud
1019 4002 1110 4057 quam

460 4088 541 4148 sidus
564 4091 594 4148 et
617 4087 726 4148 occulti
748 4088 884 4148 miranda
905 4088 1040 4165 potentie
1062 4087 1136 4146 feti?
