2854 4828
633 522 644 544 ,
723 467 896 529 -70-

276 645 404 706 ctutem.
451 643 530 708 Haec
565 665 627 706 non
662 648 709 707 est
731 644 902 726 responsio.
949 643 982 708 Si
1007 647 1185 728 egestatem
1209 665 1334 708 manere

276 769 500 851 respondisset,
536 773 622 832 recte
656 769 793 846 fecisset,
825 771 890 846 sed,
915 769 1086 852 quodiam
1110 769 1258 847 diximus
1282 769 1335 832 illa

275 893 483 976 interrogatio
515 893 751 976 responsionem
774 915 837 957 non
861 894 1030 958 desiderat.
1078 893 1142 957 cfr.
1166 893 1209 958 X.
1232 894 1333 956 4—6:

705 1070 776 1144 quid
800 1069 877 1126 enim
900 1069 1014 1127 ratione
1038 1069 1176 1127 timemus

382 1178 434 1232 aut
458 1175 613 1250 cupimus?
638 1176 709 1250 quid
733 1180 804 1233 tam,
819 1177 922 1234 dextro
945 1176 1019 1250 pede
1043 1175 1180 1251 concipis,
1206 1180 1242 1233 ut
1263 1179 1292 1234 te

382 1284 504 1340 conatus
528 1300 586 1341 non
609 1283 751 1358 paeniteat
773 1283 895 1357 votique
918 1282 1052 1358 peracti?

273 1440 366 1506 Nihil
389 1445 607 1527 respondetur,
632 1446 707 1527 quia
730 1445 856 1508 omniuo
879 1467 941 1508 non
965 1468 1042 1528 opus
1067 1449 1123 1509 est.
1172 1444 1232 1520 Qui
1255 1446 1332 1529 legit

274 1568 343 1652 ipse
368 1569 559 1651 respondere
584 1572 697 1651 potest.
736 1569 843 1653 Atque
863 1570 1075 1633 confitendum
1091 1592 1167 1634 sane
1184 1575 1242 1649 est,
1259 1571 1331 1653 quid

273 1698 368 1776 poeta
404 1693 461 1756 illa
495 1694 745 1778 interrogatione
780 1694 961 1779 significare
984 1695 1072 1773 velit,
1096 1695 1196 1759 multo
1219 1695 1334 1758 clarius

273 1841 289 1881 e
314 1840 366 1881 vv.
391 1819 523 1882 42—43
547 1817 634 1900 (nam
657 1819 703 1883 ibi
727 1820 764 1882 de
786 1819 991 1882 mendicitate
1008 1818 1119 1882 talium
1136 1820 1335 1883 dominorum

273 1942 364 2026 agit),
390 1965 485 2024 quam
510 1966 526 2007 e
550 1967 599 2007 vv.
625 1944 755 2007 44--45
781 1966 944 2026 apparere.
982 1944 1120 2008 Kiaerius
1136 1946 1244 2023 verba,
1262 1967 1334 2027 quae

272 2070 346 2129 sunt
380 2090 410 2130 v.
446 2069 504 2131 46:
540 2067 574 2131 hi
609 2069 794 2152 plerumque
829 2069 957 2154 gradus,
994 2090 1066 2131 curn
1095 2069 1134 2132 iis
1159 2069 1334 2154 coniungit,

271 2213 342 2274 quae
365 2193 560 2274 praecedunt,
585 2214 657 2256 cum
677 2216 714 2256 ea
731 2194 847 2256 certius
864 2193 1016 2257 definiant
1032 2192 1231 2276 (praecedunt
1247 2195 1334 2258 enim

272 2316 357 2398 apud
394 2338 465 2379 eum
499 2340 550 2381 vv.
586 2307 740 2398 ata-43),
776 2319 831 2380 sed
867 2318 963 2380 etiem
994 2319 1033 2380 ad
1057 2340 1110 2381 eos
1134 2339 1253 2396 verene,
1277 2319 1333 2402 qui

271 2444 454 2523 sequuntur,
491 2441 604 2505 referri
638 2446 784 2525 possunt;
820 2457 944 2526 quoquo
975 2442 1141 2506 modores
1165 2441 1330 2518 sehabet,

270 2586 332 2628 non
367 2566 459 2629 multi
494 2568 612 2650 gradus
648 2572 882 2646 enumerantur,
906 2566 965 2630 hoc
990 2566 1170 2631 Ribbeckio
1188 2566 1213 2649 ¹)
1236 2567 1330 2630 facile

271 2692 491 2754 concesserim.

376 2803 530 2878 Venimus
564 2817 603 2879 ed
628 2775 761 2879 alteram
784 2820 909 2899 partem
933 2817 1049 2894 satirae,
1074 2838 1144 2899 quae
1168 2839 1219 2880 vv.
1244 2817 1322 2880 56—

272 2939 334 3003 208
364 2941 513 3004 continet.
559 2938 627 3015 Quo
651 2942 742 3004 modo
766 2963 837 3004 cum
860 2941 961 3004 altera
985 2940 1152 3019 cohaereat,
1177 2941 1327 3017 novimus

270 3063 334 3126 iam
349 3087 422 3147 ,quo
447 3066 538 3129 modo
561 3066 644 3128 inter
667 3088 700 3128 se
723 3065 758 3128 hi
781 3088 890 3129 uersus
914 3069 1128 3144 conectantur,
1153 3067 1327 3129 videamus.

375 3171 499 3254 Vocato
523 3191 562 3253 ad
586 3212 697 3254 cenam
721 3191 858 3269 Pession,
882 3196 976 3273 poeta
1000 3191 1103 3273 quatis
1127 3212 1207 3254 cena
1223 3191 1326 3253 futura

270 3312 320 3389 sit,
346 3315 446 3378 amico
470 3315 610 3398 exponit.
650 3314 779 3378 Transit
801 3315 902 3399 igitur
921 3316 960 3378 ad
976 3315 1098 3378 fercula
1115 3313 1326 3379 enumeranda

269 3459 298 3500 v.
336 3438 387 3516 64,
423 3461 492 3522 quae
528 3439 674 3504 transitio
705 3441 742 3503 fit
764 3461 822 3523 per
845 3439 1044 3522 particulam,
1069 3461 1140 3522 quae
1165 3443 1213 3502 est
1235 3458 1324 3514 nuno,

270 3583 342 3625 cum
365 3563 553 3646 imperativo
577 3565 786 3628 coniunctam.
833 3561 1021 3647 Iam'supra
1045 3563 1098 3645 (ad
1122 3561 1161 3627 X.
1188 3564 1263 3644 209)
1285 3562 1323 3623 de

269 3686 329 3749 hac
351 3688 548 3767 transitione,
572 3711 642 3772 quae
667 3690 700 3752 in
724 3688 829 3751 satiris
852 3686 1067 3752 Iuvenalianis
1092 3707 1155 3752 non
1178 3711 1249 3751 rara
1267 3687 1322 3760 est,

269 3811 439 3893 disputavi.
487 3813 571 3877 Dum
606 3814 727 3878 fercula
762 3813 914 3887 nominat,
950 3835 1011 3876 uno
1034 3811 1103 3876 loco
1126 3811 1320 3896 particulam,

268 3958 338 4018 quae
375 3941 422 4000 est
455 3941 621 4020 praeterea,
658 3939 798 4016 adhibet,
835 3937 923 4001 cuius
957 3937 1123 4020 partioulae
1148 3937 1231 4020 apud
1253 3955 1321 3998 eum

378 4150 397 4218 ¹)
417 4152 537 4210 Rmnucu
556 4152 574 4205 l.
594 4153 612 4206 l.
631 4171 658 4221 p.
678 4152 721 4204 95.
