2854 4828
554 467 595 474 -
622 431 685 494 103
711 468 751 476 —

712 635 784 692 ergo
807 617 924 676 cavebis

246 725 276 780 et
298 725 423 792 metues»,
446 742 484 780 ne
506 726 543 780 tu
565 721 607 780 sic
631 721 764 782 Creticus
788 727 841 782 aut
864 723 1046 794 Camerinus

110 879 172 963 qui
194 881 319 941 tantam
341 877 584 940 similitudinem
612 879 759 960 praebent
782 899 854 942 cum
877 879 927 954 iis,
951 880 1066 961 quibus
1089 876 1184 942 luve-

113 1004 199 1068 nalis
231 1004 266 1066 in
300 1003 415 1068 ceteris
446 1001 552 1065 satiris
587 1003 740 1067 eiusmodi
775 1004 882 1085 capita
916 1004 1009 1067 finire
1033 1003 1124 1083 solet,
1149 1009 1185 1067 ut

111 1129 149 1192 id
183 1128 311 1192 silentio
344 1128 510 1211 praeterire
545 1151 609 1192 non
642 1128 809 1210 possimus,
856 1127 948 1212 Saepe
976 1129 1071 1207 enim,
1095 1132 1184 1211 post-

113 1277 214 1339 quam
247 1275 316 1316 rem
349 1254 545 1336 propositam
576 1253 678 1316 altera
701 1275 740 1316 ex
763 1256 855 1335 parte
878 1254 1030 1317 tractavit
1054 1257 1087 1316 et
1108 1276 1183 1336 per·

112 1380 238 1465 pendit,
263 1383 435 1461 antequam
457 1400 553 1462 porro
575 1377 810 1462 progrediatur,
833 1399 892 1461 per
906 1378 1101 1461 particulam
1112 1399 1183 1462 erpo

113 1528 215 1570 unum
248 1505 270 1568 l.
306 1505 383 1568 duos
417 1525 527 1566 versus
562 1503 694 1581 inducit,
718 1504 833 1586 quibus
857 1525 990 1586 eaquae
1014 1503 1079 1566 iam
1102 1504 1184 1566 dixit

111 1632 232 1694 iterum
265 1629 393 1712 repetit,
428 1651 491 1712 quo
526 1629 621 1691 altius
655 1631 825 1710 penetrent
859 1628 894 1690 in
917 1627 1039 1690 animos
1063 1649 1181 1708 eorum,

111 1756 170 1839 qui
193 1755 335 1818 audiant.
381 1751 472 1817 qura
494 1753 675 1836 exemplum
697 1751 852 1816 habemus
875 1775 926 1816 vv.
952 1753 1082 1816 68-69

197 1941 279 1997 ergo,
304 1923 340 1977 ut
362 1921 505 1976 miremur
527 1923 567 1988 te,
592 1938 652 1976 non
674 1923 738 1988 tua,
762 1919 883 1994 privum
906 1919 1020 1994 aliquid
1044 1919 1092 1988 da,

199 2029 279 2103 quod
302 2028 414 2103 possim
437 2027 533 2084 titulis
556 2025 685 2084 incidere

110 2182 263 2246 Alterum
287 2185 336 2245 est
358 2205 389 2245 v.
413 2181 566 2245 209-10

246 2367 317 2424 ergo
340 2347 534 2424 ignominiam
555 2347 725 2416 graviorem
748 2347 874 2422 pertulit
896 2346 977 2404 omni

243 2457 366 2514 vulnere
389 2474 458 2513 cum
482 2453 615 2512 Graccho
638 2454 735 2512 iussus
758 2472 894 2530 pugnare
916 2457 1044 2512 secutor,

112 2629 155 2694 In
180 2633 240 2694 sat.
264 2629 304 2692 X.
328 2629 363 2692 hi
386 2651 495 2693 versus
518 2628 670 2712 leguntur
693 2627 823 2690 54-55

245 2815 316 2873 ergo
338 2813 523 2870 supervacua
546 2805 600 2851 aut
622 2795 670 2851 vel
692 2794 855 2869 perniciosa
877 2797 1032 2870 petuntur,

244 2906 367 2979 propter
391 2920 458 2977 quae
481 2921 535 2959 nec
557 2903 602 2958 fas
625 2919 724 2976 genua
747 2901 879 2958 incerare
902 2901 1035 2958 deorum.

114 3077 175 3142 cfr
197 3073 258 3140 111.
283 3075 358 3153 276,
382 3071 440 3138 VI.
465 3074 541 3151 432,
564 3070 622 3136 IX.
648 3073 722 3136 101.
746 3069 820 3134 XII.
846 3072 909 3134 126
934 3073 974 3135 al.

222 3199 275 3263 Ad
309 3222 380 3263 eam
413 3201 540 3283 partem
568 3197 680 3278 satira,
698 3197 852 3276 venimuS,
875 3197 931 3260 ubi
954 3199 1049 3279 poeta
1071 3200 1180 3260 monet
1215 3189 1218 3194 ¹

112 3325 300 3391 Rubellium
322 3323 490 3400 Blandum,
514 3344 554 3386 ne
578 3323 643 3386 alto
667 3321 844 3388 Drusorum
864 3325 1032 3385 stemmate
1047 3324 1179 3401 tumeat,
1204 3409 1208 3416 .

111 3457 279 3536 tamquam
312 3450 340 3513 si
373 3449 442 3532 ipse
477 3449 598 3532 aliquid
632 3448 755 3528 fecerit,
789 3450 921 3530 propter
953 3447 1038 3530 quod
1060 3447 1177 3510 nobilis

112 3579 167 3642 sit.
212 3575 386 3659 Postquam
409 3575 440 3638 ei
462 3575 610 3654 ostendit,
638 3575 759 3657 peritos
783 3577 815 3636 et
838 3573 936 3636 fortes
959 3573 1043 3636 viros
1065 3571 1179 3636 humili

112 3703 184 3766 loco
218 3723 304 3785 saepe
338 3703 423 3764 ortos
458 3721 537 3779 esse,
571 3699 641 3762 haec
668 3699 766 3761 verba
790 3698 888 3777 addit,
912 3698 1027 3781 quibus
1050 3697 1179 3780 spiritus

112 3828 185 3891 eius
208 3826 360 3909 patricios
384 3824 537 3888 acerrime
561 3823 698 3907 castigat
721 3822 785 3904 (vv.
809 3822 953 3904 52-55)

813 4039 820 4051 ·
877 4011 909 4064 at
931 4011 967 4064 tu

223 4117 264 4174 nil
287 4116 343 4174 nisi
366 4115 542 4191 Cecropides
563 4119 731 4189 truncoque
753 4114 919 4173 simillimus
942 4113 1071 4170 Hermae.
