2916 4834
564 487 738 551 ..83-

117 663 309 742 defendunt;
346 663 572 728 cohaerentiam
608 686 716 728 eorum
751 664 921 728 dissolvere
956 687 1050 730 nemo
1086 687 1190 748 neque

114 789 219 853 voluit
241 811 344 872 neque
368 791 483 874 potuit.
530 788 680 883 anium
702 794 811 854 tamen
834 812 989 854 consensu
1011 813 1042 855 v.
1067 792 1108 856 15
1137 791 1192 854 ex-

1192 871 1198 899 l

121 914 313 978 terminatus
338 917 386 978 est

183 1136 368 1210 quamquam
392 1120 421 1174 et
445 1115 634 1193 Cappadoces
657 1118 770 1176 faciant
794 1118 967 1194 equitesque
990 1118 1123 1194 Bithyni.

116 1305 152 1370 N
154 1329 194 1370 on
218 1308 302 1392 quod
325 1329 452 1370 cursum
475 1310 653 1372 ceterorum
675 1331 825 1372 versuum
847 1309 945 1372 laedat
963 1310 1106 1373 abiectus
1123 1313 1189 1388 est3

121 1432 315 1496 difficiliores
338 1455 458 1511 versus,
483 1456 580 1517 quam
603 1433 656 1498 hic
680 1437 737 1513 est,
763 1436 848 1518 apud
871 1432 1056 1499 Iuvenalem
1079 1435 1190 1500 defen-

119 1558 152 1620 di
186 1561 335 1641 possunt3
367 1558 438 1622 aliae
474 1561 506 1622 et
538 1561 700 1644 graviores
734 1582 837 1624 causae
863 1564 1072 1624 accesserunt.
1120 1558 1190 1624 Iam
1258 1579 1272 1607 ν

119 1683 176 1746 diu
209 1684 408 1768 pervulgatae
444 1688 533 1748 sunt:
571 1689 716 1768 correpta
750 1686 854 1768 prima
883 1686 1007 1770 syllaba
1031 1687 1188 1766 vocabuli,

27 1859 30 1862 »
118 1807 204 1891 quod
227 1811 275 1872 est
299 1808 442 1893 Bithyni,
476 1809 572 1873 iidem
595 1810 729 1894 Bithyni
753 1811 787 1873 in
811 1809 970 1876 Galatiam
993 1812 1132 1874 traducti
1157 1817 1189 1875 et
1269 1895 1272 1903 ἢ

116 1955 184 1996 una
218 1955 290 1996 cum
326 1933 567 2016 Cappadocibus
597 1936 636 1998 ab
661 1934 790 1998 Asianis
815 1936 965 2018 separati,
989 1935 1059 1998 haec
1083 1935 1189 1999 omnia

117 2056 279 2121 sufficiunt
303 2059 342 2121 ad
365 2059 398 2122 id
421 2059 575 2122 iudicium
591 2061 869 2142 comprobandum,
887 2061 970 2143 quod
987 2060 1205 2145 aPinzgem,

116 2181 316 2261 Heinrichio,
342 2180 463 2262 Iahnio,
488 2182 676 2262 RibbeckiO,
700 2182 875 2248 Weidnero
900 2185 941 2249 al.
965 2207 1028 2249 uno
1042 2208 1103 2250 ore
1119 2186 1186 2250 fac-

116 2309 188 2371 tum
213 2311 270 2372 est.

226 2431 401 2515 Postquam
434 2433 485 2496 his
509 2426 652 2497 versibus
675 2437 771 2516 poeta
794 2434 893 2498 vitam
917 2437 950 2497 et
973 2436 1188 2500 condicionem

116 2556 255 2620 filiorum
286 2555 446 2640 Apollinis
474 2559 566 2640 quasi
590 2559 693 2622 obiter
716 2559 926 2639 adumbravit,
952 2583 981 2622 v.
1007 2561 1048 2625 36
1072 2561 1188 2625 transit

116 2680 158 2743 ad
183 2683 316 2744 eandem
339 2683 547 2765 quaestionem
571 2683 748 2746 accuratius
773 2684 1027 2749 examinandam.
1063 2685 1186 2750 Eodem

114 2805 218 2890 igitur
247 2807 340 2896 modo
369 2806 422 2870 hic
452 2807 520 2892 agit
544 2830 606 2890 quo
629 2808 664 2870 in
686 2809 784 2870 satira
809 2806 868 2886 Ill,
893 2810 948 2872 ubi
972 2833 991 2872 a
1014 2810 1080 2873 vita
1104 2811 1187 2874 into·

113 2931 243 2995 lerabili
279 2933 399 2995 urbana
432 2933 556 3014 incipit,
592 2956 666 2996 mox
697 2933 828 2996 festinat
852 2936 891 2997 ad
915 2935 1043 3019 singula
1066 2936 1186 2999 incom-

114 3057 221 3133 moda,
255 3057 369 3139 quibus
392 3057 416 3118 ii
441 3057 714 3135 excruciabantur,
740 3080 873 3141 quorum
897 3081 972 3141 opes
997 3060 1091 3122 nimis
1117 3061 1185 3123 exi·

115 3201 189 3265 guae
215 3183 315 3260 erant,
352 3182 468 3264 quique
492 3183 532 3246 ob
557 3204 627 3245 eam
651 3198 779 3246 cansam
802 3183 836 3246 in
859 3185 937 3247 urbe
961 3206 1101 3262 manere,
1124 3175 1183 3248 vcu-

114 3305 215 3369 iusvis
239 3306 366 3390 generis
389 3305 542 3370 molestiis
568 3307 712 3389 expositi,
741 3308 948 3391 cogebantur.
984 3306 1184 3373 Transitione

114 3432 187 3494 erat
210 3431 239 3493 ei
263 3453 372 3494 versus
397 3432 438 3494 58

223 3651 297 3706 quae
313 3651 392 3690 nunc
417 3633 557 3690 divitibus
581 3651 653 3708 gens
678 3632 880 3707 acceptissima
904 3634 1022 3714 nostris.

112 3821 235 3886 Versus
268 3822 316 3886 illi
346 3823 476 3886 36-97
502 3826 534 3885 et
556 3823 625 3886 veri
649 3826 681 3885 et
704 3823 886 3907 gravissimi
910 3826 992 3887 sunt.
1040 3823 1183 3888 Produnt

111 3968 265 4030 magnam
301 3949 332 4010 et
368 3947 564 4010 elaboratam
599 3950 700 4014 artem
731 3947 884 4024 auctoris3
909 3967 979 4030 quae
1003 3949 1102 4012 verba
1127 3949 1183 4011 ad-

112 4070 214 4149 hibet,
239 4073 274 4134 ut
297 4073 460 4149 monstret,
485 4070 588 4154 qualis
613 4075 700 4134 vates
726 4053 966 4156 egregius‘esse
992 4072 1107 4134 debeat
1147 4152 1150 4157 Ι
