2854 4828
703 397 877 458 ..22-.

256 573 340 656 quod
375 595 525 657 umquam
559 573 593 636 in
621 573 726 668 satiris
750 569 963 636 Iuvenalianis
986 573 1159 656 vestigium
1183 572 1317 656 duplicis

257 698 450 762 recensionis
480 698 670 778 inveniatur,
694 698 854 772 hocloco,
880 699 919 761 de
942 719 1003 782 quo
1026 717 1110 762 nunc
1134 719 1236 762 sermo
1259 701 1317 776 est,

257 823 403 888 inveniri.
449 821 512 887 Sed
535 843 574 886 ne
597 823 658 886 hoc
681 823 809 907 quidem
833 826 973 886 statuere
997 844 1126 886 necesse
1151 827 1208 887 est.
1254 822 1317 886 Mi·

257 948 406 1030 nimeque
429 948 569 1011 omnium
592 948 783 1023 credendum
809 951 866 1026 661,
891 945 1085 1025 Iuvenalem,
1110 948 1147 1025 si,
1171 949 1207 1011 ut
1222 951 1270 1010 est
1286 948 1317 1011 in

258 1071 346 1152 Vita,
381 1072 415 1135 in
444 1073 556 1136 exsilio
579 1073 693 1136 satiras
717 1072 895 1155 ampliaret,
919 1076 990 1155 post
1013 1094 1063 1136 vv.
1090 1073 1262 1136 118-119
1287 1072 1320 1136 in

258 1197 402 1282 margine
428 1220 479 1262 eos
503 1219 612 1262 versus
632 1197 799 1271 addidisse,
817 1197 871 1281 qui
887 1218 971 1260 nunc
988 1199 1061 1260 ante
1077 1219 1106 1260 v.
1126 1197 1320 1281 12416866-

258 1325 320 1401 tur,
355 1326 515 1406 tamquam
553 1323 580 1386 si
615 1323 704 1407 digni
740 1325 854 1401 essent,
879 1321 934 1404 qui
957 1343 1029 1386 cum
1051 1321 1211 1406 prioribus
1236 1343 1320 1386 com·

242 1454 246 1464 '
260 1451 459 1530 pararentur.

366 1569 404 1634 ln
427 1573 630 1654 responsione
653 1569 778 1636 Naevoli
803 1575 864 1646 (vv.
890 1572 1078 1649 124-129)
1102 1571 1184 1635 nihil
1200 1572 1321 1655 reperi-

258 1719 338 1777 mus,
374 1697 457 1780 quod
489 1697 658 1760 obscurum
682 1697 733 1760 sit.
780 1693 816 1758 ld
843 1718 907 1760 non
931 1696 1017 1760 valet
1041 1696 1079 1759 de
1102 1696 1142 1760 iis
1166 1696 1320 1776 versibus,

259 1822 314 1904 qni
337 1821 407 1886 illos
432 1821 603 1904 excipiunt.
645 1819 706 1885 Vv.
732 1822 907 1885 133-136
930 1821 1033 1906 vulgo'
1052 1821 1097 1884 sic
1121 1821 1321 1885 scribuntur:

898 1989 992 2046 altera
1014 1987 1110 2045 maior

419 2095 484 2152 spes
508 2079 642 2152 superest

335 2183 395 2241 135
420 2185 483 2241 haec
507 2184 640 2258 exempla
663 2203 737 2259 para
761 2183 911 2252 felicibns;
936 2186 968 2240 at
990 2202 1055 2240 mea
1080 2182 1186 2242 Clotho

420 2293 450 2348 et
472 2290 610 2348 Lachesis
633 2292 775 2366 gandent,
801 2291 825 2348 si
848 2290 981 2366 pascitur
1004 2290 1124 2365 inguine
1148 2294 1262 2348 venter.

259 2444 389 2508 Lacuna
416 2449 464 2508 est
487 2449 558 2528 post
580 2466 610 2508 v.
637 2445 710 2510 134.
757 2445 955 2509 Adversatur
977 2444 1216 2523 Friedleender,
1241 2446 1325 2528 quod

258 2569 376 2633 mirum
410 2567 490 2633 mihi
524 2567 660 2634 videtur.
707 2567 859 2634 Naevolus
894 2592 944 2633 vv.
982 2570 1156 2634 135-136
1181 2569 1231 2632 his
1255 2570 1324 2634 fere

259 2695 366 2758 verbis
401 2696 516 2758 utitur:
552 2693 614 2759 istc
650 2696 796 2777 exempla
830 2695 863 2758 in
898 2717 948 2758 me
972 2715 1035 2758 non
1058 2695 1232 2778 quadrant;
1263 2716 1325 2779 ego

259 2841 322 2884 non
355 2822 480 2882 tantum
515 2820 653 2902 requiro,
689 2820 813 2884 modica
848 2819 1031 2883 condicione
1068 2821 1235 2882 contentus
1260 2841 1325 2883 ero.

260 2942 293 3008 Si
328 2945 457 3027 quidem
492 2945 654 3027 responsio
689 2966 865 3029 congruere
891 2943 1078 3008 debetcum
1104 2943 1154 3022 iis,
1178 2965 1249 3026 quae
1274 2965 1326 3006 re-

260 3070 459 3152 sponsionem
484 3069 669 3147 elicuerunt,
693 3069 808 3132 lacuna
832 3073 879 3132 est
902 3069 987 3132 inter
1009 3092 1039 3134 v.
1066 3069 1129 3132 134
1153 3072 1186 3132 61
1201 3091 1230 3132 v.
1251 3070 1326 3134 135.
1420 3101 1421 3112 ¹

259 3192 373 3277 Neque
409 3193 494 3258 enim
529 3193 593 3256 ulla
628 3216 700 3277 spes
737 3217 755 3257 a
789 3197 885 3276 poeta
919 3194 1083 3276 proposita
1107 3196 1237 3256 estnec
1260 3193 1330 3258 ulla

263 3318 408 3401 exempla
432 3318 530 3382 allata
497 3317 680 3401 t,quibus
704 3319 820 3383 sollicit
822 3318 949 3382 udinem
972 3315 1098 3382 Naevoli
1074 3317 1216 3382 ltleve
1256 3317 1330 3382 Ma-

261 3441 414 3506 nifestum
449 3447 507 3521 est,
541 3446 673 3526 poetam
708 3446 833 3525 postv
837 3443 944 3508 ,134
979 3442 1099 3527 aliquid
1136 3441 1253 3506 dixisse
1290 3443 1330 3507 de
1419 3469 1420 3500 1

263 3565 399 3644 draucis,
436 3588 569 3650 quorum
593 3590 684 3631 rese
668 3567 857 3631 etfortunae
881 3590 922 3650 pa
924 3567 1005 3630 tient
1007 3567 1094 3630 iaet
1116 3567 1257 3651 impigro
1280 3567 1331 3631 la-

261 3689 337 3752 bore
373 3691 542 3774 ampliores
566 3692 659 3756 16616
683 3693 765 3765 sint:
800 3715 837 3756 ea
860 3690 966 3755 omnia
989 3689 1140 3756 Naevolus
1164 3692 1332 3756 vindicare

262 3835 326 3879 non
361 3820 477 3898 potest,
514 3839 585 3880 cum
616 3817 649 3880 in
672 3809 861 3881 tota'satira
885 3838 918 3880 sc
943 3817 982 3880 ad
1008 3816 1178 3894 miseriam,
1201 3838 1266 3880 non
1291 3819 1334 3881 ad

261 3940 362 4004 vitam
396 3944 521 4006 beatam
557 3946 668 4006 natum
703 3922 770 4004 esse
807 3938 967 4024 queratur.
1015 3939 1076 4014 Qui
1110 3941 1142 4003 in
1166 3941 1335 4006 nonnullis

262 4068 354 4132 codd.
379 4068 523 4150 sequitur
545 4067 721 4132 versiculus
