2930 4836
578 455 772 519 -135-

252 632 407 698 Weidner
441 655 504 696 non
539 633 638 696 multa
672 633 804 709 invenit,
840 653 910 714 quae
945 631 978 694 in
1010 631 1070 694 hac
1095 632 1205 718 ecloga

144 762 246 822 artem
263 759 433 824 satirarum
449 757 611 840 scriptoris
628 758 774 839 prodant,
791 778 887 838 quam
903 757 1023 820 obrem
1037 757 1204 836 coniectat,

144 906 217 946 eam
252 886 324 965 post
346 886 481 947 mortem
506 881 665 948 luvenalis
689 882 803 946 ceteris
827 882 932 945 satiris
957 882 1096 945 additam
1121 869 1204 960 esse3

144 1029 248 1090 neque
279 1009 362 1070 enim
387 1004 570 1071 Iuvenalem
594 1030 662 1070 eam
688 1007 850 1090 scripsisse
874 1010 981 1090 negat,
1006 1007 1061 1070 sed
1086 1008 1206 1090 epistu-

144 1133 209 1195 lam
234 1132 340 1215 potius
365 1133 404 1195 ad
428 1132 619 1195 familiarem
636 1133 772 1195 amicum
788 1133 917 1194 missam
934 1129 1091 1214 opinatur,
1111 1155 1207 1215 quam

143 1257 276 1320 satiram
301 1258 410 1320 eodem
434 1279 495 1340 quo
519 1261 640 1320 ceteras
665 1257 795 1320 consilio
819 1257 1034 1338 compositam.
1097 1315 1100 1326 ,
1150 1326 1155 1351 Ι

253 1378 436 1445 Iuvenalem
459 1381 541 1444 hanc
566 1382 696 1444 satiram
721 1381 895 1464 scripsisse,
920 1386 955 1444 ut
979 1403 1076 1465 grave
1093 1383 1207 1446 vulnus

144 1507 317 1591 Aegyptiis
341 1507 503 1590 infligeret
528 1511 621 1589 atque
646 1510 680 1570 ut
699 1507 882 1570 barbariam
898 1527 1006 1568 eorum
1024 1507 1118 1569 simul
1135 1529 1206 1570 cunr

144 1631 424 1714 superstitionibus
462 1630 615 1713 ranisque
654 1630 845 1713 religionum
883 1617 1071 1694 caerimoniis
1109 1631 1207 1695 vehe-

145 1759 270 1819 menter
294 1756 477 1840 castigaret,
502 1755 671 1833 neminem,
693 1755 815 1837 opinor,
832 1755 943 1839 fugere
960 1756 1090 1838 poterit.
1126 1757 1207 1820 Con·

146 1884 210 1944 stat
235 1903 273 1944 ex
299 1881 361 1944 174
386 1881 539 1956 versibus
564 1901 697 1962 quorum
713 1879 746 1942 in
765 1881 825 1944 131
845 1880 883 1942 do
901 1881 1072 1964 Aegyptiis
1090 1881 1205 1964 agitur.

144 2005 288 2068 Primum
323 2004 417 2083 enim,
447 2008 482 2067 ut
515 2004 661 2082 vidimus
686 2007 781 2086 poeta
805 2005 842 2067 de
868 2005 927 2068 diis
952 2027 1059 2068 eorum
1084 2006 1207 2069 iocatur

147 2129 312 2212 multaque
337 2130 422 2212 apud
447 2151 498 2192 eos
522 2128 592 2191 fieri
617 2129 787 2207 contendit,
808 2149 878 2211 quae
895 2129 975 2192 mira
990 2131 1059 2193 iure
1076 2130 1208 2194 dicenda

146 2255 213 2317 sint
231 2253 293 2335 (vv.
310 2252 440 2335 1—3‘2).
476 2253 589 2317 Refert
601 2254 715 2317 deinde
728 2255 819 2317 atrox
831 2254 969 2316 feritatis
982 2277 1087 2318 eorum
1102 2267 1208 2318 exem*

149 2379 238 2461 plum
274 2384 336 2455 (rr.
363 2379 516 2454 33-92).
564 2377 645 2443 rum
680 2379 778 2457 addit,
803 2379 919 2442 similia
943 2379 1089 2462 exempla
1112 2380 1208 2444 etiam

147 2505 181 2566 in
217 2504 288 2567 aliis
322 2504 447 2586 populis
481 2503 617 2566 inveniri
641 2525 743 2585 posse,
768 2504 823 2566 sed
847 2525 908 2566 non
932 2525 971 2566 ex
994 2504 1091 2568 simili
1115 2527 1208 2568 causa

145 2631 217 2692 orta
252 2632 284 2691 et
311 2628 571 2691 ideotoleranda
595 2627 657 2709 (vv.
684 2629 860 2708 93—131).
908 2627 1070 2692 Postremo
1093 2633 1208 2692 transit

148 2754 187 2817 ad
211 2756 356 2816 mutuum
378 2752 540 2816 hominnm
564 2775 703 2817 amorem
719 2735 911 2816 laudandum
928 2753 991 2835 (vv.
1010 2755 1208 2836 lar-*1741

147 2875 262 2942 Nonne
286 2877 356 2941 hoec
380 2878 486 2970 omnia
510 2879 718 2960 comprobant
743 2900 812 2960 quae
835 2877 910 2956 dixi,
927 2875 1120 2958 Iuvenalem,
1138 2901 1209 2942 curn

147 3002 230 3065 hanc
266 3003 395 3065 satiram
432 3005 644 3085 componeret,
675 3001 847 3086 Aegyptiis
871 3007 978 3066 notam
1001 3004 1208 3086 turpitudinis

145 3128 274 3190 inurere
298 3127 456 3190 voluisse?
492 3126 591 3190 Recte
617 3131 721 3190 monet
745 3126 896 3204 Palmius,
921 3149 1089 3210 perperam
1110 3129 1209 3191 Kem-

133 3251 248 3334 ,pfium
271 3251 438 3330 iudicasse,
463 3273 534 3315 cum
558 3252 591 3314 in
615 3274 653 3314 ea
676 3274 710 3314 re
735 3251 889 3315 'summam
909 3253 1057 3315 carminis
1072 3253 1208 3338 positam

149 3397 217 3440 esse
242 3376 371 3454 diceret,
400 3381 434 3440 ut
458 3373 617 3440 luvenalis
640 3376 798 3441 Romanos
823 3378 1018 3455 admoneret,
1042 3399 1081 3440 ne
1106 3378 1208 3442 simile

147 3500 308 3586 flagitium
334 3501 567 3564 committerent
597 3500 620 3582 ).

216 3671 218 3675 -
256 3623 293 3688 ld
329 3625 425 3688 etiam
460 3627 568 3708 probo,
604 3628 686 3709 quod
722 3628 831 3691 eodem
866 3628 934 3692 loco
957 3628 1099 3694 Palmius
1123 3629 1209 3708 dicit,

149 3749 307 3814 Hadridni
342 3753 435 3813 aetate
475 3750 633 3814 Romanos
672 3753 858 3836 peregrinas
898 3753 1070 3838 religiones
1110 3755 1209 3818 multo

148 3874 250 3957 pluris
267 3897 361 3958 quam
381 3875 501 3957 patrias
518 3875 641 3954 fecisse,
658 3879 846 3960 poetamque
861 3877 919 3941 hnc
932 3879 1029 3942 satira
1041 3879 1210 3962 populares

261 4139 280 4208 ¹)
300 4141 377 4193 Pacu
395 4141 414 4194 l.
434 4140 452 4195 l.
472 4159 498 4208 p.
519 4141 543 4193 3.
