2916 4834
717 431 891 494 ...40ss

273 608 352 686 Quis
387 631 450 674 non
484 608 589 695 potius
623 609 712 673 uidet
741 609 775 672 in
804 607 909 691 priore
933 611 1025 692 parte
1049 607 1155 671 satirae
1180 607 1218 671 de
1241 607 1341 692 longe
1414 674 1418 684 ,

273 735 338 800 alia
372 757 407 799 re
443 735 513 820 agi¹
531 755 629 818 quam·
661 735 695 798 in
728 733 912 821 posteriore,
944 736 1038 816 alque
1061 732 1174 796 harum
1198 733 1341 816 partium

274 860 539 939 coniunctionem,
575 859 702 923 eiiamsi
738 883 756 923 a
790 859 949 942 plerisque
980 858 1155 922 editoribus
1178 857 1264 922 lacha
1287 858 1341 938 sil,

273 990 385 1050 lamen
407 1007 469 1049 non
492 1006 584 1069 posse
608 985 775 1048 molestam
797 1005 860 1048 non
882 984 1004 1047 uideri?

380 1107 454 1174 Non
476 1109 577 1194 igilur
599 1109 690 1174 nobis
715 1112 903 1187 constamus,
935 1130 1006 1173 cum
1030 1109 1124 1192 paulo
1148 1131 1243 1192 supra
1266 1130 1342 1172 sen-

274 1223 409 1300 te'nliam
431 1234 603 1301 Ribbeekii
626 1235 840 1313 reieeerimus,
863 1255 947 1298 nune
970 1255 1044 1299 vero
1068 1235 1098 1298 ei
1120 1233 1214 1317 plane
1232 1255 1338 1298 assen-

274 1361 330 1425 tiri
352 1360 537 1425 uideamur?
583 1357 684 1424 Immo
708 1382 805 1444 quam
826 1360 980 1436 maxime3
1009 1382 1071 1423 non
1095 1359 1180 1422 enim
1203 1359 1245 1424 36
1268 1358 1340 1422 illos

274 1507 385 1549 versus
409 1468 534 1569 spurios
556 1489 669 1568 putare
692 1485 836 1549 volumus
860 1488 915 1548 aut
938 1485 1137 1563 conlendere,
1160 1506 1224 1548 non
1246 1505 1340 1567 posse

277 1631 330 1674 eos
355 1633 373 1673 a
396 1606 547 1674 Iuvenale
572 1609 741 1692 aliquando
766 1610 900 1692 scriptos
925 1631 1003 1688 esse,
1028 1609 1112 1692 quod
1128 1613 1237 1673 conlra
1248 1609 1341 1673 nobis

276 1733 483 1799 uehemenler
512 1735 741 1817 persuasimus;
778 1736 833 1798 sed
856 1733 915 1798 hoe
938 1733 1116 1798 Ribbeekio
1140 1733 1345 1811 assentimur,

278 1860 364 1943 quod
387 1882 450 1924 non
475 1862 548 1942 aple
572 1881 644 1923 eum
668 1859 782 1924 celeus
807 1859 1051 1943 coniunguntur.

384 1976 500 2047 Nemo
513 1986 560 2047 esi
584 1985 661 2067 quin
683 1984 800 2062 uideat,
825 1983 978 2048 fabellam
1000 1983 1089 2048 illam
1105 1984 1143 2047 de
1156 1983 1344 2048 Domiliano

278 2111 373 2192 atque
398 2108 508 2173 aulicis
533 2110 599 2173 eius
622 2130 681 2191 per
704 2130 738 2172 se
761 2108 838 2172 salis
862 2108 1039 2191 perfectam
1063 2130 1130 2172 esse
1153 2130 1257 2192 neque
1274 2131 1343 2172 om-

277 2233 354 2297 nino
377 2233 555 2318 prologum,
580 2233 805 2316 cuiuscumque
829 2233 956 2318 generis
980 2233 1031 2311 sil,
1050 2233 1240 2297 desiderare.
1274 2229 1343 2295 Ne-

187 2361 189 2368 ’
283 2380 345 2440 que
369 2358 473 2421 minus
497 2361 643 2441 apertum
667 2361 724 2437 esi,
748 2361 885 2441 poetam,
910 2357 938 2420 si
959 2355 1162 2422 nihilominus
1177 2357 1346 2443 prologum

280 2483 395 2546 addere
419 2459 580 2562 voluisset,
603 2482 703 2546 multo
720 2483 875 2565 aptiorem
891 2481 988 2544 fuisse
1005 2481 1218 2546 inuenturum.
1257 2479 1344 2545 Nam

279 2607 396 2690 saepius
428 2609 596 2672 admonere
631 2629 694 2671 non
723 2628 899 2690 possumus,
928 2605 1050 2669 nullum
1073 2605 1160 2669 aliud
1182 2605 1345 2670 vinculum

279 2732 364 2796 inter
397 2733 565 2817 prologum
601 2735 631 2795 el
665 2731 769 2815 ipsam
798 2731 951 2795 fabellam
979 2752 1046 2794 esse
1069 2733 1188 2813 praeter
1210 2731 1346 2794 mullum

281 2855 430 2939 Crispini.
477 2854 568 2920 Solus
602 2855 655 2920 hio
688 2855 805 2920 mullus
837 2856 984 2934 testatur,
1008 2858 1108 2918 utam
1131 2851 1188 2919 IV.
1213 2856 1346 2919 saliram

280 2981 354 3045 inde
385 3004 403 3044 a
434 3003 464 3045 v.
497 2982 513 3044 1
544 3002 643 3064 usque
669 2981 708 3044 ad
733 2980 797 3043 154
821 3003 840 3043 a
862 2976 1013 3044 Iuvenale
1037 2979 1127 3062 quasi
1151 3001 1212 3044 uno
1236 2984 1346 3044 tenore

282 3105 489 3188 compositam
513 3126 595 3170 esse:
621 3109 654 3168 ai
676 3109 763 3169 mulo
786 3107 867 3168 teste
891 3105 962 3187 quis
985 3106 1170 3168 moveatur?

388 3229 439 3293 Ex
473 3229 521 3308 iis,
557 3229 612 3313 qui
642 3230 806 3293 ambarum
835 3229 975 3312 partium
999 3229 1253 3292 coniunctionem
1276 3231 1344 3290 stu-

283 3354 458 3420 diosissime
496 3357 637 3434 tuentur,
675 3352 959 3439 Naegelsbaehium
997 3353 1205 3431 nominamur,
1245 3351 1299 3436 qui
1320 3351 1346 3434 ¹)

283 3478 440 3562 copiosius
465 3479 502 3544 de
526 3478 644 3543 haere
669 3478 852 3563 disputavit.

391 3599 422 3666 ls
457 3626 532 3668 vero
561 3605 741 3667 inaudilum
765 3607 859 3667 antea
883 3602 1047 3667 eonsilium
1071 3601 1166 3685 cepit,
1190 3623 1252 3685 quo
1274 3623 1349 3665 sen-

284 3728 418 3834 tentiam
441 3749 531 3791 suam
554 3729 765 3792 confirmarel.
811 3724 850 3791 In
872 3727 976 3810 prima
991 3729 1083 3810 parle
1100 3726 1216 3804 satirae,
1233 3726 1347 3810 inquil,

284 3874 365 3916 unus
401 3873 440 3915 ex
475 3852 597 3932 aulicis,
631 3852 806 3936 Crispinus
831 3856 1008 3916 ceterorum
1030 3851 1125 3914 turba
1148 3852 1348 3935 segregatur,

398 4117 417 4186 ¹)
437 4117 538 4173 Philol.
558 4117 606 4172 III.
625 4118 678 4172 470
697 4136 755 4187 sqq.
