2854 4828
706 409 880 472 „24-

261 609 352 671 opem
377 587 449 650 fert.
497 585 633 650 Omnino
656 586 762 650 facere
786 608 849 650 non
872 608 1010 669 possum,
1035 586 1112 669 quin
1135 590 1261 668 poetam
1282 587 1316 648 in

261 711 300 774 iis
335 711 488 790 versibus
524 712 578 794 qui
602 711 775 794 perierunt,
801 711 839 774 de
864 711 983 774 divitiis
1007 711 1203 794 quorundam
1227 711 1318 774 drau-

261 857 368 900 eorum
404 836 524 918 aliquid
560 836 677 899 dixisse
704 836 855 918 suspicer.
903 834 983 900 Tum
1006 833 1158 915 Naelvolus
1181 859 1231 899 vv.
1256 837 1317 900 135

262 943 380 1024 -136'
395 961 475 1024 bene
499 961 690 1044 respondere
715 963 828 1042 potest,
853 983 886 1023 se
910 983 974 1024 non
994 961 1236 1024 immoderatum
1253 981 1318 1023 esse

262 1085 317 1148 sed
340 1106 439 1168 parvo
463 1086 595 1169 praemio
619 1089 813 1148 contentum.

368 1209 419 1272 Ad
441 1233 492 1274 vv,
520 1211 707 1274 146-1472

863 1349 1014 1408 sufficiunt
1036 1349 1108 1419 haeo,

422 1458 541 1530 quando
565 1475 619 1532 ego
642 1476 757 1531 pauper
781 1476 830 1514 ero

261 1617 399 1683 Kiaerius
435 1620 565 1682 adnotat
583 1619 616 1697 ¹),
651 1620 802 1682 traditam
836 1621 927 1684 nobis
958 1619 1019 1683 loci
1042 1620 1247 1702 scriptionem
1270 1620 1323 1682 vix
1406 1694 1407 1699 η

262 1767 369 1808 veram
406 1766 483 1807 esse.
532 1743 607 1808 Post
640 1745 783 1822 verbum,
807 1745 890 1827 quod
915 1748 963 1807 est·
986 1743 1065 1824 haeo,
1090 1745 1208 1808 maiore
1232 1745 1324 1828 siguo

261 1869 552 1953 interpungendum
578 1889 643 1931 esse
661 1869 850 1943 arbitratur,
877 1872 946 1953 post
970 1891 1023 1934 ero
1047 1858 1199 1952 punctum
1223 1869 1257 1931 in
1281 1868 1324 1931 si-

263 2015 362 2078 gnum
386 1994 646 2078 interrogationis
670 1995 866 2075 mutandum.
901 1992 1011 2058 Verba
1027 1995 1152 2077 quando
1169 2015 1229 2078 ego
1245 2015 1326 2076 pau·

261 2141 319 2201 per
355 2141 408 2182 ero
442 2119 633 2202 respondere
669 2120 836 2182 confirmat
862 2120 968 2184 verbis
992 2120 1117 2203 quando
1141 2140 1201 2203 ego
1226 2118 1322 2203 figam

261 2243 404 2326 aliquid?
440 2244 482 2310 (v.
521 2215 607 2325 139j.
653 2242 773 2307 Votum
807 2243 988 2307 miserabile
1023 2265 1146 2306 nones
1170 2243 1323 2326 appellat,

263 2390 334 2451 quae
358 2344 566 2451 praecedunt·
578 2369 632 2432 sed
656 2391 754 2432 unum
770 2369 866 2433 illud:
891 2369 1017 2452 quando
1034 2390 1095 2452 ego
1110 2390 1233 2451 pauper
1249 2371 1326 2432 ero?

262 2493 296 2575 (i.
321 2515 348 2557 e.
373 2495 498 2576 quando
521 2494 638 2578 viginti
661 2494 750 2556 milia
773 2494 864 2556 fenus
889 2495 947 2556 cet.
965 2493 1125 2566 habebo?)
1150 2492 1246 2575 Cupit
1261 2493 1326 2578 igi·

262 2621 314 2681 tur
349 2615 500 2681 Naevolus
537 2640 658 2701 pauper
693 2618 773 2696 fieri,
799 2618 894 2680 aliam
917 2617 1040 2680 scilicet
1062 2616 1137 2680 huie
1160 2618 1257 2681 verbo
1283 2618 1327 2682 si·

262 2741 501 2827 gnificationem
524 2743 678 2807 tribuens,
717 2743 817 2806 Addit
841 2743 990 2818 Kiaerius‚
1008 2746 1146 2825 poetam,
1163 2742 1190 2804 si
1206 2743 1325 2820 verbis
1409 2819 1410 2822 Ἴ

262 2889 332 2950 quae
367 2871 441 2930 sunt
468 2869 594 2950 quando
629 2890 689 2952 ego
723 2890 845 2951 pauper
869 2891 933 2944 ero,
959 2867 1117 2932 causalem
1141 2867 1207 2930 vim
1231 2867 1327 2930 attri-

262 2994 359 3057 buere
394 2993 554 3072 voluisset,
590 2994 722 3056 verbum
756 3015 878 3076 pauper
912 3015 974 3056 non
1001 2992 1097 3056 tertio
1119 3011 1229 3055 versus
1252 2991 1324 3055 loco

262 3118 326 3196 sed,
363 3121 397 3180 ut
432 3117 551 3179 maiore
587 3117 725 3199 pondere
755 3118 930 3196 efferretur,
955 3117 1057 3200 primo
1080 3115 1178 3179 fuisse
1202 3116 1328 3198 positu·

261 3265 348 3336 rum:
373 3264 495 3325 pauper
519 3243 643 3325 quaudo
667 3264 727 3326 ego
752 3264 814 3305 ero.
855 3240 931 3316 Quae
952 3241 1185 3325 argumentatio
1201 3241 1324 3304 minuta

262 3371 319 3430 est.
366 3364 451 3430 Nam
486 3367 512 3430 si
543 3367 672 3430 tertiam
695 3367 825 3430 satiram
849 3367 1063 3450 inspiciemus,
1088 3365 1191 3428 simile
1215 3387 1327 3430 exem·

261 3491 350 3574 plum
377 3514 406 3554 v.
431 3493 471 3554 21
496 3492 695 3556 habebimus.
743 3489 793 3556 Ibi
817 3513 940 3575 quoque
964 3491 1090 3575 quando
1113 3491 1198 3553 idem
1221 3490 1327 3576 signi·

262 3615 338 3694 fioat
373 3619 468 3698 atque
503 3617 629 3699 qnando
656 3617 794 3700 quidam,
818 3617 873 3680 sed
897 3639 999 3700 neque
1023 3615 1164 3679 honestis
1188 3614 1201 3695 (
1225 3659 1232 3676 .
1259 3617 1326 3690 21),

261 3761 363 3823 neque
398 3739 501 3804 minor
535 3745 577 3817 (v.
603 3741 657 3823 23)
693 3741 852 3826 insignem
887 3741 991 3805 locum
1025 3745 1134 3804 tenere
1167 3739 1325 3814 videmus,

262 3886 454 3948 quamquam
492 3864 561 3928 haeo
600 3866 669 3947 ipsa
706 3867 805 3930 verba
839 3887 903 3930 non
938 3866 1004 3928 sine
1041 3864 1147 3948 aliquo
1182 3865 1325 3946 pondere

372 4093 391 4163 ¹)
411 4095 489 4148 Krms
508 4095 525 4148 l.
546 4096 564 4149 l.
584 4114 629 4165 pp.
649 4096 762 4149 55-56.
