2854 4828
719 452 893 514 „10-

173 615 178 642 ¹
270 629 309 692 de
345 629 428 692 fictis
452 631 547 693 rebus
570 651 621 692 vv.
646 630 776 692 50-53
800 631 926 714 agatur.
965 627 999 692 Si
1023 629 1061 692 de
1085 628 1177 702 fictis,
1205 628 1344 691 coniun-

269 754 389 818 cbivum
420 757 536 816 tractet
559 753 705 837 legimur,
730 753 778 816 sin
802 752 840 816 de
864 753 958 830 veris,
982 756 1100 816 tractat
1122 753 1343 836 praeferimus.

376 879 482 942 Mores
517 876 663 941 Virronis
690 877 736 940 ita
760 877 985 960 depinguntur,
1010 881 1046 940 ut
1069 899 1139 940 eum
1165 879 1248 940 dona
1274 899 1342 941 non

268 1025 419 1086 respuere
454 1002 549 1066 facile
584 1002 818 1086 intellegamus.
865 1001 914 1064 Ila
949 1002 1093 1084 accipere
1127 1001 1208 1064 solet
1234 1003 1342 1065 natali

270 1129 321 1191 die
356 1125 399 1208 (v.
425 1128 489 1204 51),
522 1149 625 1210 neque
650 1127 790 1190 dubitari
815 1127 919 1204 debeb,
944 1126 1021 1209 quin
1043 1093 1096 1209 oni
1122 1127 1203 1189 aller
1227 1126 1340 1210 Gany-

269 1253 377 1316 medes
413 1275 480 1316 esse
516 1252 577 1315 sibi
609 1251 754 1315 videatur
777 1250 821 1329 (v.
846 1251 901 1326 47)
926 1273 962 1314 co
986 1251 1147 1333 procedat,
1172 1254 1207 1314 ub
1231 1273 1340 1315 mores

268 1378 434 1441 muliebris
458 1397 581 1461 quoque
605 1397 698 1439 sexus
722 1376 842 1442 imitari
865 1375 953 1439 valib.
992 1375 1088 1440 Virro
1105 1377 1204 1460 igilur
1220 1378 1339 1470 sedens

268 1502 301 1564 in
337 1501 489 1565 cathedra
524 1501 677 1564 Kalendis
712 1501 838 1564 Martiis
873 1521 1005 1564 munera
1031 1503 1158 1578 tractat,
1182 1501 1238 1563 sed
1263 1523 1339 1564 cum

267 1649 424 1712 nugarum
451 1625 619 1689 admodum
644 1626 786 1690 conscius
810 1626 861 1704 sib,
885 1625 954 1689 haec
970 1647 1102 1688 munera
1118 1625 1199 1688 clam
1217 1626 1339 1710 accipit

268 1751 312 1832 (v.
350 1754 415 1828 53).
462 1752 550 1827 Quod
588 1751 642 1814 ail'
669 1751 842 1835 Rogemus·
875 1750 1043 1814 Virronem
1078 1751 1109 1812 id
1140 1750 1245 1814 facere
1271 1773 1337 1814 non

269 1877 395 1956 audere,
421 1878 541 1960 quippe
564 1877 619 1959 qui
643 1880 676 1939 eb
699 1879 792 1940 treber
815 1880 847 1938 et
871 1879 965 1939 aelate
988 1879 1156 1958 provectus
1173 1874 1224 1952 sib,
1241 1877 1337 1939 laeber

267 2001 396 2084 quidem
421 2005 478 2081 osb,
504 2003 559 2066 sed
584 2003 622 2065 de
647 2005 742 2065 aetate
767 1999 847 2063 nihil
865 2000 989 2063 dicitur.
1028 1995 1160 2062 Nullam
1175 2001 1336 2082 praeterea

268 2129 396 2190 aetatem
419 2127 514 2210 nugis
538 2147 671 2190 vacuam
696 2147 775 2201 esse,
799 2126 893 2188 modo
918 2125 957 2188 ad
981 2146 1034 2187 eas
1051 2124 1174 2187 animus
1190 2123 1334 2198 inclinet,

268 2252 345 2314 sabis
369 2253 478 2314 nobum
503 2253 560 2314 esi.
607 2251 653 2315 Ar
675 2246 827 2313 Naevolus
850 2249 924 2312 bolis
948 2251 1006 2326 esi,
1031 2248 1086 2330 qui
1110 2249 1253 2325 donetur,
1269 2269 1333 2311 non

267 2375 324 2459 qui
358 2375 476 2440 donet?
522 2371 588 2452 Iba3
626 2396 662 2439 eo
698 2375 842 2438 acerbior
877 2373 1036 2436 cavillatio
1059 2373 1105 2450 fir,
1130 2393 1202 2440 cum
1225 2371 1334 2456 Gany-

268 2501 399 2564 medem·
427 2500 524 2564 istum
559 2521 691 2563 munera
709 2469 911 2582 ¹exspectare
946 2498 1033 2576 dicit,
1068 2497 1176 2580 qualia
1204 2497 1333 2561 mibbere

266 2625 374 2708 pueris
410 2628 567 2688 amatores
602 2602 746 2688 solebant
774 2610 859 2704 (Cfr.¹
877 2620 919 2686 ll.
947 2621 1037 2712 169).Δ
1081 2619 1124 2698 Si,
1150 2622 1234 2705 quod
1258 2643 1333 2686 con-

267 2750 370 2814 lendib
394 2749 567 2834 BogeniuS,
591 2747 687 2812 Virro
711 2771 844 2812 revera
867 2769 1038 2830 numquam
1063 2768 1150 2810 more
1170 2749 1332 2810 matrona-

267 2899 338 2940 rum
373 2897 506 2939 munera
540 2873 580 2938 K.
627 2873 753 2937 Martiis
789 2873 933 2955 accipere
957 2873 1088 2948 solebat,
1113 2871 1160 2934 vis
1183 2893 1334 2935 versuum

268 3003 399 3065 50-53
435 2999 626 3084 frangitur!
649 2999 777 3083 gravior
811 2998 895 3061 enim
924 2999 956 3059 eb
980 2997 1123 3059 acerbior
1146 2995 1251 3058 irrisio
1274 3003 1332 3075 est,

265 3127 294 3189 si
327 3126 367 3189 ad
401 3147 510 3189 veram
545 3124 645 3187 vibam
669 3123 874 3186 domesticam
897 3121 1043 3186 Virronis
1068 3122 1332 3199 accommodetur,

265 3250 412 3334 quamsi
437 3249 469 3312 in
494 3249 585 3312 fialas
610 3251 641 3311 eb
665 3248 821 3332 cogitabas
844 3247 982 3329 ineptias
1007 3246 1227 3329 profundatur.

374 3373 567 3439 Schmidtius
595 3393 702 3436 omnes
725 3393 835 3435 versus
857 3370 992 3435 Naevolo
1015 3369 1162 3435 attribuit
1181 3371 1205 3452 ¹)
1228 3391 1334 3452 neque

267 3500 401 3577 dubitat,
426 3500 502 3583 quin
526 3495 622 3562 Virro
645 3517 778 3560 munera
801 3496 946 3579 accipere
969 3495 1080 3558 solibus
1103 3494 1155 3558 sir.
1201 3491 1233 3557 Is
1256 3516 1333 3558 vero

265 3645 316 3689 vv.
352 3624 483 3688 48-49
508 3627 579 3705 post
606 3643 636 3686 v.
662 3621 703 3685 53
728 3620 871 3698 collocat,
898 3623 932 3682 ut
953 3619 1100 3682 transitio
1124 3619 1163 3681 ad
1188 3633 1236 3697 e'a,
1259 3641 1332 3702 quae

264 3753 449 3832 sequuntur,
485 3747 597 3810 melior
630 3747 697 3810 fiel.
743 3743 819 3820 uua
855 3743 1022 3808 collocatio
1054 3765 1117 3807 non
1145 3765 1244 3826 prava
1282 3749 1331 3806 est

266 3895 368 3958 neque
404 3876 512 3936 lamen
546 3870 736 3946 necessaria,
762 3889 833 3933 cum
859 3866 1022 3945 Naevolus‚
1047 3869 1182 3931 avaritia
1205 3868 1331 3951 patroni

377 4049 395 4118 'l
416 4050 448 4104 A.
468 4049 600 4103 Scauros:
629 4047 669 4101 De
681 4045 750 4101 locis
764 4046 873 4114 aliquot
885 4045 1026 4100 luvenalis
1040 4043 1220 4114 explicandis.
1252 4043 1330 4097 Halae

268 4141 333 4194 1851
354 4158 400 4210 pp.
420 4138 533 4194 20—24.
