2916 4834
587 439 762 502 -19-

62 703 80 720 Ἀ
140 619 209 682 lieet
231 621 398 704 imoqinnn
420 617 599 700 sociandam
622 637 693 699 osso,
710 623 875 702 antequam
890 620 916 680 ii
930 639 1046 702 oersns,
1063 622 1118 704 qni
1129 627 1203 685 snnt

140 747 178 809 do
201 745 315 830 Raptis
337 744 588 826 Atheniensibus,
612 743 689 806 addi
706 745 839 827 possint.

245 871 358 935 Talem
391 892 468 935 vero
503 869 751 953 dispositionem,
787 869 915 952 qualem
949 869 1003 934 hio
1037 870 1205 952 habemus,

139 987 224 1080 apud
258 993 444 1061 Iuvenalem
472 1017 536 1059 non
558 995 721 1059 insolitam
744 1017 823 1074 esse,
848 1018 887 1059 ex
911 1017 960 1080 gr.
985 999 1045 1060 sat.
1070 994 1129 1061 VI.
1153 1021 1205 1062 vr.

139 1123 205 1186 324
228 1144 297 1206 sqq.
322 1121 445 1200 docent,
469 1120 525 1185 ubi
547 1123 619 1203 post
643 1119 763 1203 aliquot
785 1141 895 1184 versus
917 1123 1013 1203 poeta
1033 1143 1142 1186 omnes
1157 1123 1205 1186 ita
1336 1123 1337 1130 '

140 1245 398 1330 comprehendit:

352 1377 395 1434 nil
417 1376 459 1434 ibi
481 1395 535 1452 per
557 1375 663 1434 ludum
686 1375 876 1433 simulabitur
900 1378 967 1447 oet,

139 1497 196 1560 sed
211 1489 417 1560 nihilominus
434 1494 475 1559 ad
489 1494 665 1579 imaginem
680 1493 859 1559 uberiorem
875 1494 1076 1595 etfioiendam
1090 1497 1208 1562 transit

138 1623 212 1686 inde
237 1644 255 1685 a
277 1644 308 1686 v.
333 1622 396 1688 327
422 1641 490 1703 sqq.

243 1745 406 1810 Praeterea
429 1766 485 1840 our
507 1743 704 1808 Ribbeokius
727 1744 793 1807 iam
815 1747 887 1827 post
909 1711 939 1809 i.
965 1745 1006 1809 95
1031 1743 1109 1827 (suae
1134 1746 1203 1810 edi-

137 1870 246 1954 tionis)
280 1871 337 1936 illa
370 1839 469 1936 verba
503 1871 584 1934 totio
617 1876 734 1934 secreta
763 1873 824 1934 oet.
844 1869 1007 1934 'collocati
1054 1869 1118 1935 (tur
1141 1894 1205 1936 non

137 1997 242 2080 potius
265 1999 337 2079 post
359 2020 400 2061 v.
414 1995 489 2076 112,
512 1995 569 2059 ubi
591 1995 699 2080 imago
721 1966 907 2077 plenissima
930 1997 999 2058 est?

243 2119 321 2185 Post
353 2123 420 2184 tres
453 2120 526 2184 illas
560 2122 651 2184 notas
682 2117 845 2183 Gallorum
867 2115 1027 2183 Iuvenalis
1052 2141 1129 2204 ergo
1152 2143 1203 2185 vr.

138 2245 268 2310 91-92
305 2245 343 2309 de
378 2244 491 2329 Baptis
522 2245 638 2308 addere
666 2247 802 2327 poterat.
848 2242 973 2308 Deinde
997 2217 1125 2329 singula
1148 2267 1204 2308 ex-

136 2371 237 2454 ponit,
273 2391 343 2454 quae
373 2370 413 2433 ad
436 2370 527 2454 orgia
549 2368 689 2434 virorum
712 2369 747 2431 in
770 2368 902 2432 clariore
926 2368 996 2433 luoe
1021 2359 1204 2433 collocanda

136 2495 274 2590 valeant,
311 2497 408 2577 atque
437 2493 507 2558 haee
537 2515 661 2577 quoque
685 2495 759 2558 sunt
781 2493 945 2575 tripartita
968 2491 1036 2574 (ille
1060 2495 1204 2577 superci-

136 2620 217 2684 lium
239 2619 386 2704 produoit
403 2655 444 2663 -
459 2618 514 2682 ille
537 2619 651 2700 priapo
673 2617 757 2682 bibit
774 2653 814 2662 -
831 2617 886 2680 ille
904 2618 1078 2701 speculum
1090 2617 1203 2701 tenet).

136 2743 221 2808 Hinc
255 2745 449 2826 potestatem
482 2742 544 2808 sibi
579 2743 676 2806 sumit
704 2742 739 2806 in
762 2740 921 2807 Othonem
942 2741 1152 2825 invehendi(
1195 2793 1203 2807 .

138 2867 337 2951 lon-109),
361 2871 430 2931 tum
453 2868 493 2931 ad
515 2867 712 2951 propositum
735 2867 907 2930 revertitur
923 2869 955 2930 et
970 2867 1042 2930 finit
1059 2867 1202 2950 desorip-
1327 2881 1329 2888 ’

1 2995 2 2998 ’
135 2994 256 3057 tionem
288 3015 397 3056 rursus
431 2992 534 3057 tribus
563 2992 647 3056 notis
677 2991 792 3056 additis
817 2990 883 3073 (hio
906 2991 1011 3056 nullus
1035 2992 1138 3074 pudor
1161 3027 1204 3036 —

135 3117 188 3181 hie
211 3117 314 3200 turpis
337 3117 470 3181 libertas
488 3153 528 3162 -
546 3115 626 3200 (hic)
648 3137 745 3180 senex
761 3115 921 3179 fanaticus
938 3115 1095 3197 antistes).
1134 3114 1204 3180 Ad·

136 3242 239 3306 dendo
274 3241 409 3326 denique
442 3241 737 3326 interrogationem,
768 3262 839 3323 quoe
867 3262 918 3305 vv.
945 3239 1119 3304 115-116
1144 3242 1203 3322 est,

136 3369 211 3450 apte
240 3367 357 3430 transit
385 3367 424 3430 ad
447 3367 578 3430 tertium
602 3387 702 3450 genus
725 3365 886 3444 vitiorum,
911 3363 1039 3448 nuptias
1062 3364 1203 3429 virorum
1304 3431 1306 3442 ,

135 3515 209 3556 oum
231 3492 319 3557 viris
366 3489 449 3566 Quin
471 3491 526 3556 isti
549 3491 675 3570 nefarii,
692 3489 806 3573 inquit,
823 3511 951 3574 prorsus
969 3489 1118 3553 desinunt
1135 3511 1203 3553 esse

135 3617 207 3698 viri,
236 3617 385 3701 quoniam
408 3617 492 3680 festa
513 3615 685 3681 mulierum
707 3615 741 3679 in
763 3614 916 3679 honorem
938 3613 1035 3678 Bonae
1061 3613 1139 3678 Deae
1162 3613 1203 3676 li·

135 3742 321 3807 bentissime
356 3741 543 3806 imitantur?
588 3739 675 3804 Nam
708 3762 743 3805 re
778 3762 854 3806 vera
885 3760 937 3802 eos
961 3759 1060 3822 usque
1086 3760 1122 3802 eo
1146 3760 1203 3801 au·

136 3866 236 3930 daoiae
260 3867 432 3950 procedere
456 3867 611 3946 videmus,
635 3868 671 3929 ut
693 3868 858 3948 tamquam
882 3863 1009 3927 feminae
1025 3863 1157 3927 nubant.
1176 3861 1201 3944 1)

246 4041 266 4112 ¹}
285 4045 350 4100 Non
368 4042 438 4098 eatis
458 4061 548 4097 eausa
567 4043 675 4097 adferre
693 4041 805 4097 videtur
823 4039 1002 4104 Ribbeokius‚
1022 4057 1070 4094 our
1088 4057 1131 4093 vv.
1153 4039 1204 4092 102

135 4133 224 4188 -103
242 4135 272 4188 et
292 4133 431 4188 los-109
454 4149 504 4202 pro
524 4131 604 4185 taleis
623 4133 788 4186 habeantur.
826 4129 947 4195 Quorum
966 4127 1071 4198 priores
1090 4128 1144 4181 duo
1163 4127 1204 4181 in-
