2930 4836
731 445 906 508 —82-

286 624 371 686 viani
405 624 578 706 ingredior.
623 621 697 687 Non
730 623 867 687 defendo
889 624 1118 688 obscuritatem
1139 623 1254 687 horum
1276 645 1352 686 ver-

286 771 388 826 suum,
423 771 519 831 qnam
553 752 662 813 contra
697 750 738 812 ob
762 770 831 811 earn
855 748 954 812 solam
978 769 1105 812 causam
1128 748 1239 826 toler0‚
1264 749 1351 830 quod

287 873 451 938 toleranda
473 874 565 936 nobis
588 877 647 936 est.
683 870 745 936 Sed
768 873 803 936 in
825 872 884 938 hoc
901 872 1123 936 Haenickeum
1138 872 1351 956 reprehende,

286 999 370 1082 quod
405 998 491 1061 nullo
525 998 617 1062 modo
653 1021 672 1060 a
705 1019 756 1060 me
791 998 964 1080 impetrare
999 1019 1137 1080 possum,
1161 1003 1197 1060 ut
1220 999 1348 1061 credam

286 1121 481 1194 Iuvenalem,
516 1144 588 1186 cum
622 1123 775 1208 gaudium
809 1123 968 1186 sincerum
1003 1123 1043 1186 ob
1078 1122 1215 1186 salutem
1251 1123 1349 1185 amici

286 1247 452 1310 testificari
485 1247 592 1326 vellet,
624 1251 691 1310 tam
714 1248 822 1331 inepte
846 1247 971 1324 iecisse,
995 1251 1030 1310 ut
1054 1247 1092 1309 de
1116 1269 1238 1311 summo
1260 1248 1349 1330 peri-

287 1372 357 1434 culo
389 1372 484 1436 amici
507 1372 673 1448 carissimi,
697 1371 786 1435 cuius
810 1373 847 1434 de
871 1371 993 1435 vitain
1017 1370 1076 1434 hoc
1099 1371 1211 1435 ultimo
1235 1372 1348 1434 discri-

285 1497 370 1562 mine
395 1503 554 1583 ageretur,
579 1498 685 1561 dedita
706 1519 804 1580 opera
820 1498 987 1560 iocaretnr.
1024 1496 1113 1560 Dicit
1127 1499 1223 1579 poeta
1238 1519 1266 1559 v.
1283 1498 1346 1560 93:

499 1709 552 1748 nec
575 1693 714 1765 suspecta
737 1690 792 1746 tibi
815 1691 875 1747 sint
898 1691 971 1759 haec,
997 1687 1122 1748 corvine

392 1870 437 1934 At
460 1871 602 1954 profecto
626 1871 652 1934 si
676 1868 835 1935 luvenalis
856 1870 995 1934 eiusdem
1012 1869 1129 1947 satirae,
1144 1869 1179 1932 in
1195 1891 1258 1952 qua
1274 1891 1346 1932 euni

285 1998 351 2058 tam
376 1996 538 2078 praeclaris
562 1996 668 2060 verbis
692 1997 731 2058 ad
755 2017 862 2059 veram
880 1995 1053 2058 amicitiam
1068 2017 1241 2078 verumque
1259 2017 1347 2056 amo-

285 2143 353 2183 rem
392 2121 659 2203 comprobandum
693 2121 740 2183 uti
775 2121 928 2198 videmus
952 2121 1119 2184 'maiorem
1154 2123 1279 2202 partem
1313 2119 1348 2180 in

285 2245 426 2327 periculo
462 2244 579 2308 Catulli
606 2244 768 2308 irridendo
792 2245 1048 2328 consumpsisset,
1072 2267 1133 2308 non
1156 2245 1259 2322 video,
1283 2266 1347 2326 qno

285 2371 379 2434 modo
403 2373 550 2452 suspecta
573 2369 642 2432 haec
667 2369 803 2434 Corvino
827 2393 889 2433 non
914 2373 1029 2433 essent.
1067 2369 1185 2433 Mirum
1210 2364 1301 2448 esset,
1320 2369 1346 2432 si

286 2493 468 2558 Iuvenalem
492 2494 691 2557 humanitate
715 2499 780 2556 tarn
805 2495 992 2558 destitutum
1015 2497 1214 2576 putaremus;
1247 2515 1347 2558 venu-

286 2622 401 2682 statem
425 2623 456 2682 et
479 2619 627 2703 gratiam,
652 2641 747 2701 quam
770 2640 1001 2702 permagnam
1024 2618 1116 2681 buius
1140 2619 1246 2682 satira
1271 2640 1345 2701 par-

285 2747 351 2807 tem
385 2765 513 2806 manare
549 2743 702 2820 videmuS,
738 2743 875 2806 admissa
907 2743 964 2806 tali
988 2743 1177 2825 suspicione,
1202 2743 1345 2806 funditus

285 2868 478 2931 tolleremus.

390 2990 464 3056 Non
487 2993 587 3076 igitur
610 2992 698 3055 illam
722 2992 967 3074 descriptionem
991 2993 1204 3076 periculorum
1228 2992 1343 3057 Catulli

285 3142 304 3180 a
336 3116 486 3182 Iuvenale
511 3116 738 3195 abiudicamuS,
762 3118 818 3180 sed
842 3117 871 3179 ei
894 3139 957 3180 non
981 3118 1151 3201 contigisse
1176 3118 1345 3194 credimuS,

285 3248 320 3305 ut
343 3265 415 3306 eam
437 3243 514 3305 sutis
538 3241 713 3324 perfectam
737 3244 792 3304 aut
815 3241 1010 3306 elaboratam
1031 3244 1121 3306 nobis
1145 3247 1219 3306 ante
1239 3242 1344 3306 oculos

285 3371 427 3449 poneret,
463 3368 495 3429 id
530 3367 613 3450 quod
648 3367 760 3429 melius
796 3367 974 3449 apparebit,
1010 3389 1091 3443 curn,
1115 3367 1219 3449 qualis
1243 3368 1283 3430 sit
1305 3389 1347 3430 ea

286 3491 467 3574 descriptio,
492 3492 643 3554 attentius
668 3492 938 3575 exquisiverimua

391 3613 429 3678 In
463 3617 591 3679 exordio
626 3617 732 3680 satirae
757 3620 851 3699 poeta
874 3616 1033 3699 promittit
1056 3639 1090 3679 se
1114 3617 1174 3680 diis
1198 3616 1345 3679 immola·

284 3744 392 3803 turum
426 3741 465 3804 ob
500 3739 626 3803 felicem
661 3741 798 3803 reditum
834 3740 951 3804 Catulli
986 3739 1079 3802 amici
1114 3740 1177 3820 (vv.
1213 3741 1344 3815 1-16).

285 3863 413 3927 Transit
446 3863 557 3927 deinde
582 3866 621 3926 ad
645 3866 733 3928 varia
757 3866 870 3948 capitis
894 3865 1037 3948 pericula
1061 3866 1346 3942 commemoranda,
1440 3923 1441 3952 ,

286 4011 357 4072 quae
382 3989 414 4051 in
431 3987 544 4051 itinere
562 3989 681 4052 amicus
699 3989 830 4054 adierat.
867 3990 1009 4053 Primum
1026 3991 1111 4053 enim
1126 3991 1216 4055 navis
1233 4013 1249 4052 e
1266 3990 1345 4054 caelo

284 4113 348 4176 icta
384 4116 442 4191 est,
478 4116 513 4175 ut
537 4115 683 4176 antennae
708 4118 740 4176 et
763 4116 834 4178 vela
856 4116 966 4200 ignem
989 4105 1191 4198 conciperent
1215 4115 1276 4196 (vv.
1302 4117 1345 4178 17
