2930 4836
554 453 748 516 -123—

249 639 323 696 iliud
346 657 405 696 non
429 637 535 713 agitas,
559 639 595 693 ut
617 637 750 694 sanctam
773 635 851 692 filius
875 635 953 692 omni

250 743 375 820 aspiciat
398 744 459 802 sine
482 743 549 802 labe
573 743 694 800 domum
716 739 850 816 vitioque
874 745 1022 800 carentem
1068 805 1070 814 χ

116 913 193 994 post
215 930 292 992 quos
315 907 417 1010 igitur
440 907 555 970 addere
579 905 649 969 vult
670 927 721 968 vv.
746 905 789 968 44
809 857 899 986 sqq.:

249 1083 291 1142 nil
316 1081 397 1140 dictu
421 1082 540 1140 foedum
565 1081 689 1155 visuque
712 1081 775 1138 haeo
798 1080 900 1138 limina
923 1082 1029 1156 tangat

252 1189 331 1248 intra
356 1207 422 1264 quae
446 1194 532 1263 pater
556 1190 600 1245 est

116 1355 178 1417 sed
202 1355 340 1432 obstant,
364 1352 425 1414 nisi
449 1351 553 1428 fallor,
577 1373 686 1414 versus
712 1332 852 1413 70-72.
889 1349 958 1414 Hoc
983 1350 1080 1412 etiam
1103 1349 1184 1412 vidit

118 1476 330 1554 Ribbeckius
365 1497 440 1538 nam
464 1476 526 1539 alio
548 1475 659 1557 10001)
686 1475 744 1538 hos
767 1497 876 1538 versus
901 1475 968 1536 sine
993 1475 1184 1537 detrimento

119 1623 216 1685 posse
253 1601 397 1664 damnari
433 1599 608 1664 confitetur.
636 1603 690 1662 aut
724 1603 797 1682 post
828 1623 858 1662 v.
884 1601 925 1662 58
950 1598 1114 1675 collocari;
1150 1602 1185 1661 ut

121 1730 231 1789 tamen
256 1748 309 1789 eos
335 1728 473 1803 excuset,
498 1724 586 1788 addit
609 1746 701 1807 posse
726 1746 780 1786 eos
804 1725 888 1806 apud
905 1719 1089 1787 Iuvenalem
1104 1723 1185 1786 tole-

119 1851 198 1929 rari,
223 1872 294 1913 cum
318 1850 460 1913 carmina
484 1849 552 1912 eius
569 1853 601 1912 et
616 1849 785 1913 verborum
801 1851 833 1911 at
849 1848 1075 1911 sententiarum
1095 1847 1185 1929 copia

118 1975 294 2039 abundent.
341 1973 476 2038 Omnino
499 1996 562 2036 non
586 1974 689 2052 video,
715 1995 770 2036 cur
794 1976 883 2036 tanto
907 1973 1012 2036 studio
1035 1973 1185 2050 enitatur,

117 2104 156 2162 ut
181 2100 323 2163 ordinem
347 2120 496 2162 versuum
512 2102 682 2182 permutet.
722 2097 837 2161 Omnia
853 2098 893 2161 ad
909 2119 1001 2161 suum
1017 2095 1184 2160 arbitrium

119 2226 230 2301 novat,
266 2220 336 2305 qnae
371 2229 447 2305 apta
481 2245 543 2287 non
574 2223 723 2287 videntur
745 2223 895 2286 secernit:
933 2221 1101 2285 difficultas
1124 2243 1187 2284 non

118 2369 242 2432 magna
277 2353 325 2410 est
357 2348 390 2410 in
426 2371 462 2412 eo
496 2349 615 2427 labore,
651 2348 733 2432 quod
765 2347 850 2412 haud
874 2347 938 2410 scio
962 2370 1003 2410 an
1027 2347 1123 2410 etiam
1147 2347 1185 2408 de
1264 2319 1267 2324 ¹

123 2472 264 2536 utilitate
287 2448 403 2536 valeat.

231 2596 362 2680 Iniquus
386 2620 481 2680 porro
506 2597 602 2660 iudex
625 2597 823 2662 Ribbeckius
847 2599 905 2674 est,
930 2618 1001 2659 cum
1026 2595 1064 2658 de
1088 2594 1187 2658 satira

122 2725 239 2806 quarta
272 2723 393 2786 decima
429 2723 575 2785 universe
599 2723 742 2804 disputat
758 2721 794 2804 Ε).
840 2720 965 2796 Quanto
987 2741 1083 2802 opere
1107 2719 1187 2782 tales

119 2869 243 2925 versae,
268 2847 379 2929 quales
403 2850 476 2909 sunt
500 2847 652 2910 25-28:

823 2976 929 3051 Largae

254 3084 324 3153 filia,
350 3103 416 3160 quae
440 3103 604 3158 numquam
628 3089 777 3141 maternos
801 3083 896 3141 dicere
917 3083 1055 3147 moechos

255 3195 317 3247 tam
341 3192 399 3248 cito
423 3209 476 3248 nec
499 3194 585 3249 tanto
608 3190 719 3265 poterit
742 3193 896 3248 contexere
921 3208 1019 3258 cursu,

254 3302 371 3355 utnon
395 3301 442 3354 ter
465 3297 579 3356 deciens
603 3297 729 3372 respiret

126 3463 162 3526 in
186 3481 363 3524 sermonem
388 3457 629 3524 Iuvenalianum
653 3461 819 3543 quadrent,
843 3482 906 3524 non
930 3459 1030 3524 videt:
1068 3460 1190 3523 iocatur

123 3587 165 3650 de
200 3586 251 3650 iis.
297 3583 445 3668 Ineptum
478 3589 510 3648 et
533 3585 703 3649 ridiculum
727 3586 833 3648 neseio
857 3585 932 3669 quid
955 3607 1019 3648 non
1042 3586 1135 3648 modo
1157 3585 1191 3647 in

127 3734 179 3775 vv.
206 3711 382 3774 145-149
408 3711 627 3793 deprehendit,
651 3733 762 3774 verum
786 3711 882 3773 etiam
905 3711 940 3772 in
963 3732 1190 3774 commemora·
1260 3697 1273 3740 .·

125 3836 215 3900 tione
239 3836 426 3899 mercatoris
449 3835 535 3898 illius
560 3835 658 3914 avari,
683 3857 778 3918 quem
801 3839 895 3918 poeta
911 3836 944 3899 in
960 3835 1052 3898 undis
1068 3835 1192 3898 luctan-

240 4047 259 4116 ¹)
279 4049 399 4106 Itranacn
419 4049 436 4101 l.
457 4049 474 4101 l.
494 4067 520 4116 p.
542 4049 601 4101 146.

239 4135 259 4205 ²)
279 4139 320 4191 lb.
339 4157 384 4207 pp.
405 4138 519 4192 35-36.
