2854 4828
904 201 912 242 l

727 434 900 496 „54-

282 608 397 691 docet).
446 580 575 672 Comma
610 609 710 693 igitur
744 613 815 694 post
838 611 1005 688 credimus,
1029 633 1092 674 non
1116 614 1199 689 aute,
1223 632 1330 694 ponen-

282 732 356 797 dum
380 735 438 796 est.

389 856 539 950 Sequitur
568 858 632 939 (vv.
659 860 846 940 les-288)
871 882 909 923 ea
931 881 1016 942 pare,
1040 860 1074 922 in
1098 882 1161 942 qua
1183 863 1277 942 poeta
1300 861 1332 922 de

281 982 417 1046 miseriis
441 983 613 1046 senectutis
638 984 781 1060 disserit;
817 1006 896 1067 quas
920 984 1064 1046 miserias
1087 987 1250 1067 tamquam
1274 984 1334 1066 ipse

282 1109 431 1189 expertus
461 1107 576 1170 vividis
600 1108 756 1171 coloribus
781 1107 936 1198 depingit,
961 1109 1038 1170 satis
1062 1108 1116 1171 diu
1139 1107 1235 1172 iniis
1259 1130 1336 1172 com·

282 1252 418 1309 morans,
443 1253 515 1295 cum
538 1233 708 1294 maximam
733 1232 839 1296 satirae
862 1237 986 1315 partem
1011 1233 1171 1314 expleant.
1213 1232 1337 1296 Poetam

283 1355 378 1417 finem
414 1361 445 1418 et
478 1357 607 1420 modum
641 1358 788 1436 transire,
825 1357 937 1440 quivis*
955 1357 1050 1420 facile
1075 1357 1245 1440 intellegit,
1269 1380 1338 1420 nam

203 1473 205 1486 '
286 1480 368 1544 laetae
392 1481 565 1564 viridisque
590 1483 761 1545 senectutis
786 1481 940 1564 exemplis
963 1482 1058 1565 plane
1083 1483 1217 1561 omissis
1241 1482 1341 1546 tristia

281 1607 407 1668 tantum
430 1607 523 1668 modo
547 1609 579 1669 et
602 1606 825 1669 sollicitudinis
841 1606 936 1689 plena
953 1607 1188 1670 animadvertit.
1224 1605 1341 1669 Tamen

283 1733 315 1792 et
349 1751 460 1793 verum
495 1733 527 1793 et
563 1731 786 1814 gravissimum
821 1753 905 1813 saepe
930 1731 1009 1794 illud
1037 1735 1094 1810 est,
1119 1732 1203 1814 quod
1226 1735 1340 1808 mouet,

283 1858 317 1916 ut
341 1855 438 1916 etiam
462 1855 697 1918 eoncedendum
721 1858 778 1931 est,
803 1855 904 1918 multa
928 1877 967 1918 ex
990 1855 1039 1934 iis,
1064 1878 1135 1938 quae
1161 1857 1199 1918 de
1216 1857 1341 1920 senibus

283 1975 435 2060 disputat,
461 1981 538 2042 adeo
562 1980 666 2042 iocosa
690 2001 768 2056 esse,
793 1983 829 2042 ut
851 1980 950 2042 risum
974 1980 1027 2042 vix
1050 1983 1227 2044 teneamus

389 2103 563 2186 Dispositio
599 2103 710 2166 eadem
745 2104 811 2167 fere
836 2107 884 2167 est
907 2107 1002 2187 atque
1026 2105 1058 2167 in
1083 2127 1133 2168 vv.
1160 2107 1342 2170 133-187.

283 2226 328 2290 Ut
362 2227 395 2289 in
430 2227 480 2303 iis,
516 2228 614 2292 sicin
639 2227 689 2291 his
713 2250 838 2311 quoque
862 2229 927 2292 iam
950 2229 1108 2312 inprimo
1131 2251 1225 2293 versu
1249 2252 1343 2314 argu-

282 2355 426 2414 mentum
461 2353 638 2434 exponitur.
686 2351 774 2426 Quod
807 2358 964 2436 praeterea
998 2354 1030 2416 in
1060 2355 1127 2416 tota
1150 2355 1250 2416 satira
1274 2355 1343 2417 dili-

283 2479 398 2561 genter
421 2479 622 2541 observatum
646 2478 799 2541 videmus.
848 2477 912 2542 Ofr.
937 2477 994 2541 hos
1019 2500 1145 2542 versus:

343 2635 488 2709 quosdam
510 2634 679 2710 precipitat
701 2635 834 2692 subiecta
852 2631 992 2712 potentio
1015 2654 1131 2710 magnae
1171 2634 1238 2706 (56)

343 2736 494 2818 eloquium
521 2759 554 2798 ac
578 2742 687 2797 famam
711 2741 916 2799 Demosthenis
941 2745 994 2798 aut
1018 2741 1165 2800 Ciceronis
1205 2741 1297 2813 (114)

343 2841 491 2904 bellorum
515 2843 640 2924 enuoioe,
664 2848 777 2905 truncis
802 2847 897 2904 adfixa
920 2849 1040 2923 tropaeis
1079 2847 1169 2920 (133)

343 2954 380 3010 da
404 2949 541 3030 spatium
564 2949 643 3028 raitoe,
668 2955 777 3011 multos
802 2954 848 3024 da,
874 2953 1019 3029 luppiter,
1046 2974 1137 3013 annos
1177 2954 1267 3026 (188)

343 3055 480 3136 formam
505 3064 591 3135 optat
614 3061 729 3119 modico
752 3062 861 3135 pueris,
887 3061 997 3118 maiore
1020 3063 1126 3136 puellis
1166 3062 1256 3134 (289)

391 3223 491 3298 Quem
527 3224 566 3285 ad
601 3224 730 3286 modum
753 3228 847 3305 poeta
870 3246 920 3287 vv.
947 3223 1118 3288 133-187
1143 3226 1285 3308 primum
1309 3227 1344 3289 de

283 3348 423 3420 ¹vanitate
459 3348 571 3433 gloriae
607 3349 753 3411 universe
786 3347 864 3430 agit,
890 3347 1002 3410 deinde
1027 3349 1066 3410 ad
1090 3350 1247 3432 exempla,
1273 3351 1294 3414 i.
1320 3373 1344 3412 e.

284 3473 323 3535 ad
356 3473 563 3555 imperatores
587 3473 682 3556 ipsos
715 3472 839 3550 transit,
865 3471 910 3534 sio
933 3494 983 3534 vv.
1009 3473 1183 3536 iss—288
1208 3475 1345 3556 primum

284 3618 337 3660 eas
361 3597 504 3660 miserias
529 3598 708 3680 generatim
730 3597 900 3674 examinat,
926 3618 996 3678 quae
1021 3597 1192 3660 senectutis
1208 3599 1344 3682 propria

283 3724 366 3800 sunt,
403 3726 573 3804 antequam
610 3723 648 3784 ad
684 3720 847 3782 notissima
882 3720 938 3783 illa
961 3721 1107 3803 exempla
1131 3721 1250 3805 veniat,
1275 3745 1343 3806 quae

283 3846 357 3909 inde
393 3870 411 3910 a
440 3870 469 3912 s.
496 3847 559 3908 246
584 3847 818 3909 enumerantur.
866 3845 1011 3907 Extremi
1035 3837 1145 3919 versus
1170 3847 1343 3911 aso-288

283 3970 366 4035 hano
398 3971 505 4039 satirae
530 3975 654 4052 partem
679 3972 753 4050 apte
778 3968 978 4046 concludunt,
1004 3969 1251 4051 dissimulanter,
1276 3971 1344 4056 opi-

283 4118 352 4175 nor,
385 4097 433 4160 illi
468 4094 596 4179 quidem
631 4095 686 4160 sed
722 4093 879 4156 sententia
914 4093 996 4157 bona
1031 4097 1088 4173 est,
1122 4115 1194 4158 cum
1218 4096 1344 4159 senibus
