2930 4836
719 421 892 486 -74—
974 411 975 421 ‘
1085 389 1088 402 '

273 598 554 680 Comprehendunt
576 599 611 661 hi
634 619 742 661 versus
767 620 814 675 en,
838 619 909 680 quae
934 601 1183 677 antecesserunt,
1200 599 1333 661 sednon

273 724 355 787 belle
391 723 672 806 comprehendunt.
719 721 800 785 Eum
835 723 918 785 inter
952 721 1009 786 hos
1044 744 1153 786 versus
1176 723 1334 786 rationem

272 847 468 910 intercedere
496 853 583 931 puto,
607 851 643 911 ut
666 848 693 910 si
715 869 796 910 unus
819 847 960 924 reicitur,
987 847 1068 910 alter
1091 849 1216 930 quoque
1240 847 1334 910 reici·

273 973 372 1034 endus
396 973 446 1034 sit.
487 971 663 1046 Quomodo
680 995 708 1035 v.
728 973 785 1034 161
808 976 895 1036 ortus
911 972 962 1050 sit,
979 971 1175 1036 Ribbeckius
1193 973 1283 1035 docet
1300 971 1333 1052 1).

230 1173 234 1196 ι
272 1095 357 1159 Nam
382 1118 453 1159 cum
477 1101 581 1160 essent
598 1098 629 1159 in
647 1096 774 1160 scholiis
790 1096 858 1160 haec
874 1098 972 1160 verba
988 1097 1042 1175 (ad
1058 1119 1108 1160 vv.
1127 1097 1332 1176 159-160):

235 1205 311 1311 =„de
346 1222 456 1284 eadem
491 1222 568 1284 villa
602 1222 721 1300 vinum,
757 1188 839 1284 unde
873 1225 905 1284 et
939 1221 1085 1284 minister
1119 1224 1176 1297 est,
1214 1243 1253 1284 ex
1280 1219 1333 1284 his

184 1414 190 1428 ⁸
274 1347 377 1409 verbis
401 1368 527 1409 versum
552 1347 611 1409 161
639 1347 679 1410 ab
695 1347 922 1428 interpolatore
939 1346 1059 1408 fuctum
1076 1367 1143 1409 esse
1161 1345 1331 1409 contendit.

271 1470 450 1555 Utrumque
474 1473 574 1554 igitur
596 1493 723 1535 versum
748 1473 886 1536 damnat.
925 1470 1010 1533 Ante
1036 1493 1107 1534 eum
1124 1469 1332 1534 Heinrichius

271 1597 355 1659 idem
379 1596 466 1660 fecit.
505 1595 636 1658 Iahnius
659 1619 688 1659 v.
715 1599 755 1660 99
781 1598 869 1659 uncis
893 1596 1036 1674 includit,
1061 1618 1090 1659 v.
1117 1596 1177 1659 161
1205 1594 1331 1658 retinet.

271 1719 425 1784 Weidner
441 1718 587 1783 Iahnium
604 1721 756 1803 sequitur.
796 1719 998 1784 Hermannus
1015 1723 1184 1803 utrumque
1205 1741 1332 1783 versum

271 1847 465 1928 comprobat.
513 1845 614 1909 Credo
649 1843 832 1910 Iuvenalem
866 1846 916 1924 iis,
953 1846 1007 1928 qui
1034 1845 1189 1929 legerent,
1214 1845 1332 1927 permi-

270 1971 358 2049 sisse,
383 1974 418 2033 ut
433 1970 515 2033 hano
531 1970 593 2052 ipsi
611 1970 841 2033 conclusionem
858 1969 1001 2033 facerent
1016 1991 1187 2052 versusque
1204 1969 1332 2054 longui-

270 2096 325 2157 dos
349 2117 472 2179 respuo,
987 2178 989 2180 .

325 2217 327 2222 ’
376 2218 437 2283 Vr.
464 2221 636 2284 147—148
662 2243 681 2284 a
704 2218 815 2282 lahnio
839 2220 884 2282 sic
907 2219 1104 2283 scribuntur:

376 2387 433 2426 non
458 2369 558 2442 Phryx
582 2367 766 2442 euthycius
792 2365 864 2438 [non
888 2387 904 2424 a
928 2386 1073 2442 mangone
1097 2367 1215 2442 petitus

378 2475 535 2550 quisquam
559 2475 629 2532 erit:
654 2475 684 2532 in
707 2473 830 2549 magno]
855 2493 921 2532 curn
945 2492 1055 2549 posces
1081 2492 1166 2549 posce
1189 2474 1281 2531 latine

377 2627 427 2692 lta
461 2629 627 2708 Weidner,
665 2629 876 2707 Hermanan
901 2627 1096 2692 Ribbeclrius
1119 2627 1203 2691 huno
1227 2627 1331 2692 locum

163 2815 174 2828 ,
269 2755 448 2818 emendant.
494 2754 714 2818 Hermannus:
751 2755 776 2817 si
800 2755 886 2837 quid,
911 2753 1066 2837 inquito,
1091 2754 1124 2817 in
1147 2753 1208 2816 hoc
1232 2753 1330 2817 satira

268 2879 521 2963 interpolationis
556 2880 767 2963 suspicionem
803 2881 916 2957 movet,
952 2879 1013 2942 duo
1048 2879 1104 2941 illa
1128 2877 1330 2941 hemistichia

268 3008 351 3082 sunt,
376 3027 446 3088 quae
471 3027 520 3068 vv.
546 3006 718 3068 147-148
737 3004 885 3072 cancellis
902 3004 1023 3080 notavi3
1048 3025 1181 3086 quornm
1197 3003 1329 3067 otiosum

270 3129 418 3193 duritiem
442 3152 481 3192 ne
504 3128 698 3193 Pithoennus
722 3129 850 3212 quidem
874 3130 908 3192 iu
927 3149 1038 3212 rituque
1055 3127 1222 3192 scribendo
1236 3128 1329 3192 valde

268 3253 356 3317 lenit.
396 3253 602 3318 Heinrichius
626 3276 734 3318 versus
758 3253 884 3331 retinet,
908 3254 963 3317 sed
986 3253 1101 3337 proin
1117 3275 1234 3336 magno
1249 3253 1330 3335 legit

269 3383 301 3441 et
323 3401 450 3464 magno
475 3380 529 3443 ubi
553 3379 753 3462 particulam
777 3400 848 3462 quoe
873 3382 921 3442 est
945 3383 985 3455 et,
1010 3378 1142 3442 eandem
1166 3378 1329 3462 significa-

267 3503 385 3567 tionem
411 3525 447 3566 ac
470 3525 572 3587 neque
596 3503 714 3568 habere
732 3504 905 3582 contendit,
922 3503 1007 3566 uliud
1024 3502 1205 3585 exemplum
1222 3499 1316 3582 (VIII

270 3626 346 3708 241)
383 3628 539 3707 adferens,
575 3629 629 3692 ubi
660 3614 768 3691 tumen
790 3627 885 3690 lectio
908 3627 1000 3690 valde
1025 3627 1120 3691 dubia
1142 3631 1203 3690 est.
1249 3625 1329 3690 Rib-

268 3751 400 3815 beckius
415 3752 441 3834 8)
465 3758 563 3836 negat
587 3776 619 3816 se
645 3753 841 3836 intellegere,
866 3753 942 3835 quid
965 3752 1021 3814 illa
1044 3752 1142 3816 verba
1162 3751 1195 3814 in
1212 3773 1329 3836 magno

378 3929 397 3997 ¹)
417 3905 536 3983 Rrrinucx
555 3930 574 3983 l.
594 3929 612 3983 l.
631 3949 658 3999 p.
679 3930 738 3982 135.

377 4015 397 4084 ⁹)
417 4019 553 4071 Huuunnu
566 4018 596 4071 in
615 4018 692 4086 praef.
713 4017 779 4072 edit.
798 4037 825 4087 p.
845 4017 928 4071 XXX.

377 4103 397 4173 ³)
417 4107 536 4160 annucx
556 4108 574 4160 l.
594 4107 612 4159 l.
632 4125 658 4176 p.
682 4107 742 4159 134.
