2916 4834
235 295 354 346 ’ἰ

326 391 332 432 '
568 421 741 484 -ce-

120 605 208 666 uitiis
230 603 400 665 mulierum
422 599 476 664 sed
497 602 532 662 iu
555 597 735 662 deterrendo
758 599 858 662 emico
873 597 911 660 ut
926 597 1057 660 iucundi
1071 597 1186 660 luntri-

119 731 220 793 mouil
253 728 382 792 coemtio
415 733 569 816 versetur,
600 724 737 788 libenter
766 722 897 806 accipin,
923 722 1091 787 dummodo
1113 744 1188 806 per·

120 855 247 919 contari
280 853 387 931 liceat,
423 872 479 915 cur
506 851 635 914 omnino
658 870 787 912 necesse
811 849 853 912 sit
876 849 1033 912 eiusmodi
1057 847 1190 913 distinc-

120 981 243 1045 tionem
265 978 382 1056 facere,
407 999 478 1060 quae
501 998 559 1059 per
582 997 615 1039 se
638 996 752 1058 parum
775 973 879 1038 facilis
905 975 936 1037 et
952 974 1103 1057 expedita
1119 995 1189 1038 esse

120 1106 291 1170 videatur?

232 1229 387 1294 Maiorem
420 1227 511 1294 nobis
546 1226 743 1291 Ribbeckius
778 1224 869 1288 inicit
898 1224 1093 1307 scrupulum,
1118 1246 1192 1288 cum

122 1379 242 1421 novam
276 1355 410 1420 formam
440 1357 475 1417 ut
506 1351 620 1416 ceteris
644 1351 689 1414 sic
713 1354 811 1414 sextae
835 1372 960 1434 quoque
984 1349 1090 1413 satirae
1115 1350 1192 1415 dare

123 1482 217 1546 vult„
252 1478 420 1563 Nusquam
450 1479 583 1544 fortasse
607 1461 748 1541 studium
770 1476 849 1540 illud
872 1477 912 1540 ad
936 1475 1104 1539 arbitrium
1127 1474 1194 1539 tor·

125 1628 189 1673 mae
212 1605 313 1669 solitae
337 1604 497 1668 mutandae
520 1605 587 1666 tam
611 1604 719 1685 aperte
744 1602 885 1665 cernitur
908 1623 1004 1684 quam
1026 1599 1088 1664 hoc
1111 1599 1193 1664 loco.

125 1731 250 1794 Rarum
284 1732 332 1792 est
365 1749 542 1812 perpaucos
575 1749 686 1790 versus
719 1726 838 1805 videre,
872 1748 1006 1809 quorum
1029 1727 1106 1790 crdo
1129 1748 1193 1790 non

126 1855 286 1921 violenter
320 1854 361 1917 sit
395 1854 607 1936 interruptus3
643 1852 787 1952 plerique
823 1853 933 1936 procul
968 1876 987 1916 a
1021 1852 1095 1916 sede
1119 1853 1196 1915 nota

127 1979 295 2063 quaerendi
325 1981 408 2057 sunt,
438 1978 532 2042 multi
555 1979 817 2057 exterminantur,
841 1979 897 2062 qui
920 1981 975 2042 aut
998 1978 1098 2061 spurii
1122 1980 1198 2042 sunt

130 2105 188 2170 aut
209 2105 314 2170 tenori
337 2108 515 2168 ceterorum
538 2125 652 2168 nocere
677 2105 858 2168 creduntur.
906 2102 957 2168 Sic
982 2125 1107 2186 quoque
1123 2124 1196 2166 sen·
1242 2117 1271 2145 '—

128 2231 234 2296 tentia
269 2231 390 2313 optima
425 2229 608 2311 extorqueri
641 2233 755 2312 potest,
791 2229 846 2292 sed
876 2251 972 2312 quam
994 2227 1054 2292 hoc
1078 2228 1199 2293 habeat

129 2356 314 2434 utilitatem,
338 2377 423 2438 saepe
446 2355 633 2438 negavimus
656 2376 714 2418 nos
737 2353 925 2437 intellegere
948 2375 1050 2436 posse.
1096 2351 1196 2418 Nulla

131 2482 198 2546 alia
233 2484 289 2559 est,
324 2481 444 2564 opinor,
479 2481 542 2544 nisi
569 2501 640 2563 quae
663 2480 698 2543 in
720 2479 954 2544 oblectamento
977 2479 1048 2561 ipso
1071 2479 1199 2562 perspi-

133 2606 247 2670 ciatur.
294 2602 454 2670 luvenalis
487 2606 607 2670 catenis
631 2605 794 2669 rhetorum
818 2627 881 2669 non
903 2607 971 2668 tam
995 2599 1066 2672 arte
1087 2604 1199 2668 devin-

134 2732 228 2811 citur,
264 2736 299 2794 ut
333 2753 395 2795 non
427 2730 527 2814 possit
556 2730 695 2794 licentiae
718 2734 887 2813 poetarum
908 2729 1070 2792 interdum
1092 2729 1200 2793 indul·

134 2879 230 2942 gere3
255 2878 325 2940 quae
349 2856 479 2920 licentia
502 2877 565 2918 non
588 2856 679 2919 modo
702 2878 765 2918 non
788 2857 894 2920 obstat
917 2854 1064 2930 orationi,
1088 2875 1201 2918 verum

135 2983 235 3046 etiam
268 2982 362 3064 plane
394 2985 469 3064 apta
500 2983 532 3044 et
554 2983 633 3044 nata
653 2980 779 3044 videtur
802 2981 842 3043 ad
865 3001 936 3043 eam
958 2979 1144 3044 variandam
1168 2983 1201 3044 et

136 3081 405 3191 distinguendam.
452 3105 582 3170 Etenim
605 3105 818 3169 confitendum
843 3109 900 3185 est,
924 3105 978 3169 vix
1002 3105 1143 3188 potuisse
1159 3105 1202 3168 il-

139 3233 205 3296 lam
238 3232 406 3315 picturam,
437 3231 475 3296 in
509 3253 571 3314 qua
606 3233 701 3312 poeta
732 3230 881 3293 mulieres
905 3251 969 3294 suae
994 3231 1097 3295 aetatis
1121 3231 1201 3294 tales

137 3357 229 3422 nobis
263 3359 427 3435 monstrat,
463 3357 572 3439 quales
601 3376 636 3419 re
659 3377 737 3418 vera
759 3355 897 3433 fuerunt,
921 3355 1122 3420 uberioribus
1147 3359 1204 3419 aut

138 3483 243 3568 magis
266 3483 347 3547 vivis
371 3482 528 3546 coloribus
552 3481 675 3544 obduci.
722 3476 835 3562 Neque
859 3478 1064 3542 transitiones
1084 3480 1201 3562 ineptae

140 3613 229 3685 sunt3
265 3610 300 3670 ut
334 3608 374 3671 ob
410 3627 480 3670 eam
514 3627 582 3668 rem
615 3626 744 3667 necesse
779 3626 843 3667 non
874 3604 917 3666 sit
939 3604 1037 3667 alium
1060 3604 1202 3668 ordinem

140 3755 326 3817 proponere.
364 3730 450 3797 Nam
464 3732 540 3794 licet
556 3729 697 3794 duriores
714 3728 886 3812 aliquando
899 3729 1078 3807 videantur,
1095 3732 1203 3792 tamen

141 3881 214 3922 cum
238 3859 308 3921 aliis
332 3860 522 3940 comparatae
547 3879 565 3919 a
589 3855 683 3919 solito
705 3858 807 3938 poetae
832 3873 949 3939 genere
966 3854 1125 3919 scribendi
1142 3875 1205 3918 non

141 3984 236 4047 nimis
260 3983 371 4048 alienae
395 3983 595 4047 videbuntur.
