2854 4828
680 388 878 450 -106-

245 573 331 650 sunt,
356 569 428 632 aliae
451 567 582 630 minime
606 571 690 648 aptae
707 566 748 628 ad
762 588 821 628 uos
837 564 1089 628 commovendos
1124 561 1328 642 Videamus,

244 695 362 778 quibus
384 693 586 777 potissimum
608 691 788 754 rationibus
811 691 1003 753 sententiam
1026 711 1118 752 suam
1141 692 1295 754 tueatur.

353 819 423 882 Hoc
458 840 584 901 quoque
618 817 699 885 loco,
734 819 769 878 ut
791 815 981 898 plerumque
1004 816 1089 898 apud
1112 837 1190 878 eum
1213 817 1268 896 fit,
1295 817 1331 879 in

245 945 509 1028 interpolatorem
531 944 624 1006 illum
646 943 801 1006 acerrime
826 941 1061 1018 animadvertit,
1085 963 1185 1024 quem
1201 942 1328 1005 satiras

246 1067 470 1134 Iuvenalianas
503 1070 631 1132 omnino
670 1068 897 1132 deformarisse
930 1067 1106 1149 sepissime
1141 1069 1330 1130 contendit.

246 1193 285 1258 111
309 1217 414 1278 quem,
438 1217 511 1257 cum
534 1195 606 1257 aliis
629 1194 733 1257 causis
756 1194 869 1256 ductus
892 1192 1056 1256 invehitur
1076 1196 1146 1254 tum
1164 1194 1328 1270 maxime,

247 1321 333 1405 quod
367 1321 500 1384 suadeat
533 1320 583 1387 iis.
615 1319 671 1402 qui
704 1319 902 1401 provinciam
936 1297 1129 1400 acceperint,
1154 1319 1246 1400 apud
1274 1340 1328 1382 eos

248 1446 304 1529 qui
339 1443 460 1508 viribus
494 1445 662 1516 inferiores
693 1445 758 1507 sint
786 1445 917 1526 rapinas
940 1443 1058 1522 facere,
1081 1444 1326 1526 potentioribus

247 1570 376 1653 populis
399 1591 542 1653 parcere.
587 1567 701 1652 Neque
723 1574 833 1632 tamen
856 1569 1008 1633 credibile
1032 1571 1090 1646 est,
1110 1572 1240 1632 tantam
1256 1571 1328 1634 vim

249 1717 318 1759 esse
342 1717 453 1758 eorum
475 1695 656 1772 verborum,
680 1717 752 1777 quae
779 1717 831 1758 vv.
856 1696 921 1758 113
943 1716 1013 1778 sqq.
1037 1694 1201 1778 leguntur.
1251 1695 1327 1761 Hoc

249 1821 356 1884 dicere
378 1821 485 1903 potuit
506 1825 612 1902 poeta,
637 1819 734 1883 licere
764 1821 882 1883 iniuria
905 1821 1032 1884 afficere
1054 1821 1136 1884 tales
1160 1823 1326 1901 civitates

249 1946 360 2030 quales
383 1949 489 2008 essent
511 1967 539 2008 e.
563 1967 612 2029 gr.
637 1944 772 2024 Rhodia,
809 1945 975 2009 Corinthia
1010 1949 1082 2024 cet,
1105 1945 1158 2009 vel
1181 1947 1223 2010 ob
1250 1969 1326 2012 eam

250 2091 390 2148 causam,
424 2070 510 2152 quod
539 2070 594 2152 qui
617 2070 773 2132 eiusmodi
802 2071 926 2155 flagitia
949 2071 1182 2134 commisissent
1204 2094 1325 2155 poenas

249 2194 348 2280 vulgo
370 2217 435 2258 non
458 2195 588 2272 darent;
612 2217 786 2277 numquam
817 2200 927 2258 tamen
948 2195 1018 2259 luec
1041 2197 1141 2260 verba
1163 2197 1212 2260 ita
1235 2200 1325 2262 acci·

252 2319 370 2403 pienda
405 2324 489 2398 sunt,
523 2323 689 2403 tamquam
723 2321 751 2383 si
774 2318 935 2384 luvenalis
959 2321 1097 2405 aquales
1120 2322 1162 2384 ad
1184 2322 1324 2387 iniurias

252 2449 285 2507 et
308 2444 430 2508 scelera
452 2444 597 2508 hortatus
621 2446 672 2510 sit,
719 2445 810 2520 Quod
841 2447 869 2509 si
891 2446 997 2509 facere
1020 2446 1183 2525 voluisset,
1208 2447 1322 2530 inepta

252 2569 359 2632 omnia
393 2591 431 2632 ea
464 2574 578 2648 essent,
613 2592 684 2653 quae
710 2572 748 2634 de
771 2572 923 2654 aequitate
947 2577 1042 2654 atque
1067 2572 1265 2635 coutinentia
1288 2573 1322 2636 in

252 2694 314 2757 hac
348 2694 448 2757 satira
479 2699 574 2758 antea
608 2696 694 2759 dicta
728 2701 811 2758 sunt.
869 2693 984 2779 Neque
1020 2718 1060 2759 ex
1094 2697 1145 2760 his
1173 2697 1319 2762 versibus

252 2819 473 2901 uffl-QQ:

399 2987 563 3043 curandum
586 2987 618 3044 in
640 2988 753 3063 primis
777 3007 813 3045 ne
836 3009 946 3064 magna
969 2989 1078 3046 iniun'a
1100 2989 1154 3046 fiat

398 3092 528 3150 fortibus
552 3095 582 3151 et
604 3095 717 3153 miseris

255 3246 443 3310 concludere
466 3269 643 3329 possumus,
666 3249 798 3312 iniurias
821 3250 855 3312 in
879 3251 1001 3312 ceteros
1025 3249 1163 3314 defendi.

363 3404 481 3480 Quodsi
503 3430 539 3471 re
562 3431 638 3472 vera
660 3411 759 3474 verba
781 3409 838 3473 1111

385 3573 510 3630 forsitan
532 3574 664 3634 imbelles
687 3576 817 3634 Rhodios
839 3579 1020 3650 unctamque
1044 3573 1209 3635 Corinthon

386 3679 529 3755 despicias
552 3683 659 3741 merito

257 3815 303 3878 ite
336 3817 427 3880 nobis
462 3819 647 3902 accipienda
681 3824 717 3884 ut
751 3820 871 3904 scripta
905 3823 1001 3884 sunt?
1047 3819 1130 3883 Tum
1160 3817 1319 3883 Iuvenalis

259 3940 413 4024 iniquam,
447 3966 509 4008 non
544 3967 638 4030 nego
673 3946 873 4028 sententiam¹
897 3945 988 4024 dixit,
1018 3945 1074 4008 scd
1097 3965 1235 4022 eausam,
1258 3964 1321 4026 qua

258 4065 372 4130 ductus
384 4067 446 4147 sit,
469 4068 703 4156 intellegemus
727 4072 755 4134 si
778 4094 816 4135 ea
838 4071 1080 4155 perlegerim,
1097 4091 1168 4152 quae
1185 4070 1245 4133 sat.
1260 4063 1321 4131 HI.
