2930 4836
734 443 972 514 --80--Δ

202 694 205 700 ,
288 641 383 701 quam
419 593 556 682 amioum
590 617 791 698 invitaverat,
826 617 871 681 ita
905 619 1055 701 loquitur,
1090 621 1126 682 ut
1157 621 1349 702 potestatem

286 743 382 807 simul
415 743 534 807 habeat
567 743 601 804 in
635 765 737 806 mores
762 747 927 831 corruptos
951 747 983 806 et
1006 744 1166 806 luxuriam
1190 744 1350 826 perditam

287 869 458 951 aequalinm
481 867 663 946 invehendi,
688 869 732 931 sio
756 868 789 930 in
813 869 911 930 satira
934 868 1119 931 duodecima
1143 891 1216 932 oum
1239 890 1351 932 verum

287 994 387 1056 animi
428 993 588 1056 adfectum
628 993 778 1075 exprimit
816 993 912 1056 etiam
948 993 988 1056 ad
1027 997 1111 1056 artes
1149 996 1352 1076 caplatorum

288 1118 473 1201 diligentius
508 1118 751 1182 considerandas
785 1138 847 1179 non
881 1118 989 1180 minus
1013 1121 1189 1199 opportune
1212 1118 1352 1180 transire

266 1245 404 1332 ¹potest.
451 1241 530 1304 Haec
553 1242 653 1326 igitur
675 1242 795 1324 nullam
820 1242 964 1324 praebent
988 1241 1219 1306 difficultatem.

394 1365 463 1430 Hoo
486 1368 661 1430 nescimus:
686 1367 762 1450 quid
786 1367 847 1430 sibi
870 1367 948 1430 velit
964 1366 1060 1450 longa
1076 1366 1130 1429 illa
1148 1367 1350 1449 tempestatis

287 1491 468 1574 deseriptin
505 1513 575 1574 quaa
611 1515 661 1556 vv.
697 1493 825 1554 18--82
849 1491 978 1575 legitur.
1025 1488 1110 1553 Nam
1134 1491 1351 1554 confitendum

288 1621 346 1695 est,
370 1617 495 1680 nullum
520 1617 618 1680 aliurn
640 1618 674 1679 in
697 1617 804 1680 satiris
827 1614 986 1696 luvenalis
1010 1616 1112 1680 locum
1130 1616 1279 1694 inveniri,
1296 1615 1351 1678 ubi

287 1745 334 1804 tot
369 1740 580 1818 difficultates,
615 1744 662 1804 tot
685 1741 822 1804 incertas
847 1739 1031 1818 sententias,
1054 1744 1103 1804 tot
1126 1743 1276 1806 obscuras
1301 1761 1350 1803 res

288 1839 572 1948 deprehendamus
619 1863 779 1928 Nimirum
816 1866 990 1943 consilium,
1027 1865 1110 1948 quod
1134 1866 1220 1948 oepit
1244 1869 1349 1948 poeta,

286 1991 488 2073 tempestatis
513 1990 728 2074 describendae
752 1990 912 2054 laudabile
937 1993 994 2067 est,
1012 1990 1082 2072 ipsa
1099 1985 1272 2072 descriptio
1289 2011 1350 2052 non

287 2117 375 2178 item.
433 2114 599 2178 Contraria
633 2119 665 2178 et
700 2115 824 2178 diversa
858 2115 975 2212 iudicia
1008 2115 1149 2178 virorum
1185 2115 1348 2179 doctorum

286 2242 361 2303 sunt
385 2240 423 2302 de
448 2239 496 2302 his
521 2240 673 2302 versibus.
721 2237 809 2301 Inter
833 2261 884 2302 eos
908 2240 972 2322 qui,
997 2243 1031 2302 ut
1054 2239 1263 2316 Ribbeekius‚
1289 2261 1349 2302 non

287 2365 379 2428 modo
413 2363 494 2426 hano
529 2368 653 2446 partem
688 2364 793 2427 satirae
829 2365 883 2427 sed
918 2364 1099 2428 universam
1132 2364 1271 2427 'satiram
1295 2365 1347 2427 da-

287 2493 408 2567 mnant,
432 2493 465 2552 et
488 2511 540 2552 eos
564 2489 619 2571 qni
635 2489 781 2555 omnibus
797 2489 918 2552 viribus
938 2489 1109 2565 enituntur,
1127 2492 1162 2551 ut
1178 2489 1347 2574 integrita-

287 2615 353 2676 tem
388 2613 493 2676 satirae
530 2607 710 2690 defendant,
738 2613 888 2690 medium,
908 2613 996 2696 quod
1020 2613 1118 2691 aiunt,
1143 2612 1347 2676 Haeniokeus

286 2741 387 2815 tenet,
423 2738 477 2820 qui
511 2739 545 2800 iu
578 2738 842 2823 commentatione
866 2759 924 2800 sua
942 2737 965 2820 ¹)
990 2737 1207 2800 demonstrare
1231 2739 1346 2814 studet,

287 2863 358 2926 illos
392 2885 502 2925 versus
538 2876 556 2925 a'
588 2861 738 2926 Iuvenale
773 2863 900 2945 quidem
935 2862 1069 2944 scriptos
1104 2885 1183 2942 esse,
1208 2865 1346 2926 sednon

287 2988 355 3050 sine
390 3007 507 3071 magna
542 2988 783 3064 dissimulantis,
820 3009 892 3051 oum
915 2993 1040 3070 poetam
1065 2987 1125 3050 hoo
1148 2987 1219 3050 loeo
1243 2991 1346 3051 osten·

288 3113 362 3176 dere
397 3112 533 3176 voluisse
570 3113 687 3189 eredat,
715 3135 778 3176 non
802 3113 911 3196 quales
935 3135 1044 3175 versus
1067 3113 1135 3194 ipse
1160 3132 1345 3194 oomponere

288 3241 404 3318 posset,
429 3238 484 3300 sed
507 3237 617 3319 quales
643 3237 738 3320 vulgo
761 3237 784 3300 ii
807 3237 960 3315 facerent,
984 3237 1049 3320 qui,
1074 3257 1146 3300 uum
1169 3237 1203 3300 in
1227 3235 1346 3300 exerei-

287 3362 423 3424 tationes
448 3362 689 3425 declamatorias
714 3383 842 3444 operam
866 3366 898 3425 et
918 3363 1056 3425 studium
1073 3363 1149 3425 satis
1168 3361 1222 3424 diu
1239 3365 1346 3425 contu-

287 3485 362 3548 lisse
387 3487 447 3550 sibi
472 3487 664 3564 viderentur,
690 3487 823 3550 assiduis
847 3487 1087 3551 radiationibus
1111 3487 1144 3549 in
1161 3487 1228 3549 dies
1245 3485 1344 3569 magis

287 3609 410 3673 molesti
448 3614 479 3673 et
513 3612 607 3674 invisi
641 3612 680 3675 iis
716 3613 838 3689 fierent,
874 3612 929 3694 qui
964 3633 1015 3675 eos
1050 3633 1214 3694 nugasque
1240 3630 1345 3674 eorum

288 3735 411 3799 evitare
443 3735 530 3798 nullo
553 3737 644 3800 modo
668 3740 806 3819 possent.
854 3736 896 3800 Et
920 3736 1070 3819 quoniam
1092 3734 1253 3800 luvenalis
1277 3733 1302 3800 l.
1322 3733 1341 3796 'l

288 3861 357 3922 haec
380 3860 479 3923 verba
502 3825 709 3926 exclaniavit:

399 4035 417 4102 ¹)
439 4037 468 4090 Ο.
496 4037 632 4090 Hluicna:
662 4036 800 4091 Kritisehe
828 4038 1043 4108 Untersuohung
1063 4039 1131 4092 iiber
1151 4037 1195 4092 die
1214 4035 1343 4092 Echinon

287 4126 337 4179 der
356 4127 388 4178 12
409 4125 498 4179 Satine
517 4141 571 4178 von
590 4125 715 4190 Juvenal,
736 4127 841 4180 Putbus
862 4127 940 4180 1877.
