2854 4828
725 421 898 484 „15-

275 598 352 662 locis
388 599 498 662 eadem
532 599 634 662 utitur
669 599 906 665 exclamatione.
954 598 1085 662 Laedere
1120 599 1250 682 gaudet,
1293 600 1352 663 sed

275 746 337 787 non
361 724 518 806 indignos.

880 840 963 894 necte
988 856 1125 895 coronam

226 977 228 981 ·
274 944 409 1018 postibus
435 946 464 1001 et
488 944 591 1002 densos
615 963 668 1019 per
691 943 792 1001 limina
815 944 903 1001 tende
927 943 1083 1018 corymbos
1101 941 1165 1013 (VI.
1185 943 1347 1014 51—52).

381 1106 502 1190 Agitur
534 1107 578 1170 ibi
615 1108 653 1170 de
676 1107 796 1190 nuptiis
821 1107 925 1184 amici,
950 1108 1000 1170 cui
1025 1111 1118 1189 poeta
1142 1109 1344 1192 gratulatur:

273 1254 336 1314 qua
372 1233 410 1295 de
446 1253 550 1309 causa,
586 1254 602 1295 e
637 1255 688 1296 vv.
713 1233 840 1296 50—51
869 1231 981 1297 elucet.
1028 1231 1146 1295 Similis
1170 1255 1207 1295 ea
1232 1234 1344 1296 excla-

273 1357 372 1421 matio
395 1359 453 1435 est,
478 1379 548 1440 quae
573 1359 604 1420 in
630 1357 740 1421 eadam
764 1357 862 1420 satira
885 1379 935 1420 vu.
961 1357 1001 1422 78
1019 1379 1087 1442 sqq.
1104 1357 1234 1441 legitur.
1272 1357 1341 1421 Cfr.

272 1477 346 1559 Vll.
382 1459 564 1545 117-118.
611 1481 716 1565 Magis
740 1482 863 1544 sincere
887 1481 1021 1547 eandem
1044 1482 1218 1565 imaginem
1243 1485 1341 1564 poeta

273 1606 405 1671 adhibet
427 1604 500 1671 XII.
526 1608 568 1671 83
592 1629 671 1689 sqq,
696 1607 752 1670 ubi
774 1607 815 1670 ob
838 1607 974 1670 reditum
992 1606 1086 1671 amici
1101 1606 1221 1670 laribus
1238 1608 1341 1670 sacri-

272 1733 379 1796 ficium
403 1733 509 1795 facere
532 1732 610 1795 vult.

379 1856 549 1930 Transitio‚
589 1879 658 1940 quae
694 1857 726 1919 in
761 1856 964 1939 responsione
999 1853 1124 1919 Naevoli
1160 1879 1178 1918 a
1212 1878 1339 1919 summa

271 1983 403 2046 tristitia
439 1983 479 2046 ad
511 1986 631 2045 metum
654 1982 859 2065 improvisum
884 1983 921 2046 fit
943 1986 1016 2063 post
1038 2005 1067 2044 v.
1094 1984 1145 2058 92,
1170 1981 1339 2064 aptissima

195 2116 198 2124 '
272 2110 333 2170 est:
358 2110 461 2170 totum
485 2129 518 2169 se
542 2107 638 2170 miser
652 2106 870 2185 ‘homomobis
894 2106 1057 2189 patefacit.
1093 2105 1241 2169 Pericula
1258 2128 1338 2169 enu-

269 2235 382 2306 merat,
417 2253 488 2314 quau
520 2231 579 2295 sibi
614 2231 810 2302 immineant,
845 2231 871 2294 si
909 2253 946 2294 ea
969 2231 1083 2313 prodat
1107 2231 1237 2309 amicus,
1263 2253 1335 2314 quae

269 2370 391 2423 secreto
408 2349 553 2431 audierit,
571 2357 655 2419 inter
673 2377 742 2438 quae
759 2356 902 2438 pericula
918 2355 978 2419 hoc
995 2361 1044 2419 est
1065 2355 1129 2435 (vr.
1147 2357 1334 2432 99-ssmou

599 2551 651 2589 nec
676 2535 845 2589 contemnas
870 2535 922 2588 aut
946 2531 1086 2606 despicias
1112 2532 1191 2606 quod

402 2640 446 2698 his
470 2639 576 2714 opibus
600 2658 760 2714 numquam
787 2657 854 2695 cara
879 2641 922 2696 est
947 2657 1063 2695 annona
1087 2637 1201 2696 veneni.

350 2879 353 2886 Ι
374 2803 569 2867 Ribbeckius
593 2802 661 2866 haec
685 2803 782 2865 verba
798 2801 887 2864 uncis
903 2801 1038 2864 includit
1053 2802 1085 2880 Ι),
1109 2801 1332 2884 pleonasmum

268 2929 352 2993 enim
375 2929 429 2992 vix
452 2928 650 2992 tolerabilem
675 2949 753 2991 esse.
789 2925 849 2990 Sed
865 2926 938 2990 tulis
955 2928 1124 2990 verborum
1141 2927 1332 2994 coniunctio

267 3054 369 3137 qualis
405 3057 453 3117 est
488 3050 671 3116 contemnas
702 3055 756 3114 aut
779 3051 946 3134 despicias,
971 3052 1011 3114 ab
1036 3051 1212 3115 elocutione
1237 3048 1331 3115 Iuve-

267 3179 394 3242 naliana
427 3178 558 3242 minime
583 3177 686 3239 aliena
711 3181 767 3240 est.
815 3175 860 3240 Ut
883 3200 978 3240 unam
1002 3181 1127 3239 tantum
1151 3199 1191 3239 ex
1215 3176 1330 3256 satiris

265 3307 398 3377 sextam,
434 3301 651 3384 inspiciamus
678 3301 754 3364 haec
789 3302 835 3366 ibi
865 3303 1083 3366 inveniuntur:
1108 3301 1167 3366 hoc
1191 3303 1262 3366 volo
1286 3303 1330 3366 sic

265 3427 359 3492 iubeo
379 3432 434 3504 tr.
461 3427 549 3508 223),
586 3430 778 3510 componunt
801 3427 1001 3510 formantque
1025 3426 1149 3491 libellos
1174 3435 1217 3504 (v.
1242 3429 1329 3506 244),

265 3573 358 3634 quem
395 3551 482 3614 dedit
515 3551 575 3614 hoc
609 3551 776 3634 posuitque
812 3553 938 3616 modum
974 3553 1016 3632 (v.
1046 3551 1134 3634 359),
1159 3553 1329 3616 committit

264 3680 353 3740 vates
389 3679 421 3738 et
456 3679 619 3758 comparat
655 3678 697 3756 (v.
731 3675 819 3759 434),
844 3677 961 3758 repetit
985 3676 1146 3758 volvitque
1171 3676 1214 3751 (v.
1240 3679 1326 3754 452),

263 3801 341 3884 quid
365 3801 485 3864 faciant
509 3802 695 3886 agitentque
720 3805 762 3876 (v.
787 3801 875 3882 475),
899 3801 1059 3864 inducitur
1083 3805 1178 3884 atque
1195 3802 1327 3895 ¹foretur

264 3931 306 4001 (v.
342 3925 430 4001 471),
469 3925 647 3988 distendere
683 3927 714 3988 ct
748 3948 864 3990 vexare
900 3930 1024 3988 uterum
1053 3925 1095 4006 (v.
1122 3927 1210 4009 598),
1235 3949 1325 3990 nemo

373 4101 392 4169 ¹)
412 4103 532 4156 Rmuncu
550 4103 569 4155 l.
589 4103 607 4155 l.
626 4121 652 4171 p.
673 4101 732 4154 134.
