2854 4828
743 470 912 533 -66-

296 649 432 727 deficiet,
457 647 519 712 nisi
542 648 669 712 modum
690 669 816 711 servare
833 647 1051 712 meminerint:
1075 651 1144 710 tum
1160 648 1246 712 idem
1264 651 1355 732 atque

297 775 412 838 ceteris
437 775 540 840 exitus
563 774 603 840 iis
627 796 751 857 quoque
775 777 926 838 venturus
951 777 1008 836 est.

311 927 313 930 ¹
403 897 526 982 Neque·
551 899 578 962 si
602 921 780 962 sermonem
810 899 1026 966 examinamus
1050 920 1118 962 esse
1142 899 1278 978 videtur,
1304 921 1358 962 cur

296 1023 354 1087 hos
392 1046 502 1088 versus
541 1021 690 1086 Iuvenale
730 1023 876 1107 indignos
911 1023 1095 1086 iudicemus.
1154 1023 1251 1088 Certa
1284 1028 1361 1086 sunt

297 1148 425 1226 indicia,
462 1171 478 1210 e
511 1149 626 1232 quibus
651 1137 792 1231 apparet,
817 1169 968 1232 magnam
991 1149 1074 1212 inter
1097 1147 1155 1212 hos
1180 1153 1212 1212 et
1235 1153 1359 1213 ceteros

299 1298 317 1338 a
351 1272 500 1338 Iuvenale
535 1274 635 1338 factos
666 1273 862 1336 intercedere
886 1272 1138 1337 similitudinem.
1184 1272 1357 1336 Rhetorica

298 1400 401 1462 forma
438 1421 523 1480 saepe
563 1398 743 1473 adhibetur,
782 1401 951 1461 occurrunt
989 1398 1255 1481 interrogationes
1290 1399 1359 1460 eius

298 1526 435 1608 generis,
460 1525 548 1587 ouius
573 1524 673 1587 multa
697 1522 767 1586 aliis
790 1521 868 1586 locis
892 1522 1038 1605 exempla
1061 1523 1252 1604 reperimus3
1285 1544 1361 1586 sen·

298 1650 406 1713 tentiae
442 1649 578 1712 orationi
613 1649 724 1711 erebro
757 1647 980 1725 admiscentur,
1004 1647 1209 1710 transitiones
1232 1670 1296 1710 non
1320 1648 1358 1710 iis

299 1775 440 1857 dispares
476 1777 559 1850 sunt,
594 1794 672 1855 quas
708 1775 801 1835 antea
835 1771 1013 1835 habuimus,
1060 1769 1129 1834 Iam
1164 1772 1198 1834 in
1232 1772 1358 1835 exordio

236 1941 238 1945 -
298 1899 354 1962 illa
389 1895 577 1960 exclamatio
610 1897 769 1960 rhetorica
804 1899 861 1973 est,
897 1919 916 1960 a
949 1897 1065 1972 verbis,
1091 1917 1161 1979 quae
1186 1899 1259 1959 suut
1282 1897 1356 1978 quid

299 2023 394 2100 enim,
429 2020 595 2104 incipiens,
631 2043 700 2104 quae
733 2025 799 2084 tam
834 2021 951 2086 usitata
986 2021 1068 2103 apud
1093 2017 1276 2084 Iuvenalem
1300 2025 1359 2084 est.

298 2145 340 2210 V.
365 2148 383 2210 5
407 2147 539 2209 verbum
563 2145 689 2208 finitum
712 2145 878 2209 omittitur.
926 2145 991 2210 cfr.
1015 2145 1084 2210 haeo
1109 2145 1271 2229 exempla:

848 2321 946 2379 verius
970 2340 1040 2396 ergo

451 2432 481 2485 et
503 2427 597 2502 magis
621 2427 747 2502 ingenue
772 2427 955 2485 Peribomius
995 2426 1047 2497 (ΙΙ.
1075 2426 1216 2498 15·-16)

556 2571 608 2628 flos
632 2569 711 2627 Asiae
736 2571 803 2627 ante
827 2564 925 2644 ipsum
965 2567 1014 2640 (Vi
1041 2568 1094 2639 56)

557 2711 654 2769 omnia
677 2729 772 2786 grace
872 2702 939 2784 (VI.
966 2709 1040 2782 187)

300 2857 339 2926 di,
356 2855 502 2914 maiorum
519 2855 632 2912 umbris
648 2858 767 2911 tenuem
785 2858 814 2910 et
830 2853 890 2911 sine
907 2854 1035 2928 pondere
1051 2858 1162 2911 terram
1188 2853 1266 2924 (VII.
1281 2852 1355 2922 20i)

839 2995 870 3052 hi
893 3014 1041 3053 sermones

459 3106 531 3160 tuno
556 3103 590 3159 de
614 3101 719 3160 Seiano
933 3102 981 3172 (X.
1008 3100 1151 3172 88—89)
1239 3135 1244 3143 ·

407 3266 470 3322 haeo
493 3262 536 3320 illi
559 3265 672 3320 veteres
696 3265 845 3337 praeepta
868 3262 1032 3320 minoribus
1071 3261 1164 3334 (XIV.
1193 3260 1264 3332 189)

301 3417 501 3491 Transitione
526 3448 595 3510 quae
621 3430 669 3488 est
691 3449 721 3490 v.
747 3428 783 3490 9:

572 3603 682 3659 multos
705 3620 794 3676 porro
818 3601 909 3670 vides
935 3620 1008 3676 quos
1032 3606 1088 3659 oet.

300 3787 391 3830 novae
415 3766 448 3828 in
472 3785 608 3828 scaenam
631 3765 824 3828 inducuntur
846 3787 997 3847 personae.
1039 3763 1082 3828 Hi
1105 3764 1248 3828 homines
1269 3783 1299 3826 se
1320 3761 1351 3824 in

301 3893 491 3974 potestatem
525 3889 713 3952 lanistarum
748 3890 885 3952 nondum
922 3889 1085 3968 dederunt,
1121 3891 1177 3954 sed
1212 3887 1348 3973 quoniam

300 4014 459 4078 luxuriose
494 4013 614 4092 vivunt,
650 4035 724 4095 opes
759 4014 792 4076 in
827 4014 893 4076 dies
928 4013 1118 4098 infringunt,
1154 4035 1217 4097 quo
1249 4014 1290 4087 fit,
1318 4013 1349 4073 ut

301 4144 461 4223 postremo
495 4139 613 4202 nullam
650 4139 711 4201 nisi
744 4139 778 4202 iu
812 4138 1034 4202 sordidissimis
1070 4139 1191 4202 artibus
1225 4137 1350 4202 salutem
