2930 4836
545 1403 697 1514 Satira
735 1405 823 1516 XV.

171 1647 175 1654 “
261 1634 398 1700 Satiram
421 1637 566 1719 quintam
591 1637 747 1700 decimam
771 1638 811 1700 ab
830 1659 877 1715 ec,
901 1638 941 1700 ad
957 1659 1050 1720 quem
1068 1637 1215 1716 refertur,

153 1761 362 1844 conscriptam
401 1783 479 1838 esse,
514 1761 607 1824 multi
642 1784 705 1824 non
739 1765 863 1845 putant,
899 1785 962 1845 qua
995 1763 1033 1826 de
1068 1785 1102 1826 re
1132 1761 1216 1826 infra

151 1885 374 1964 iudicabimus,
399 1907 470 1950 cum
494 1886 588 1968 quale
613 1890 836 1970 argumentum
852 1888 958 1950 satirae
975 1887 1017 1949 sit
1032 1887 1213 1950 viderimus.

259 2008 298 2072 In
333 2011 462 2075 exordio
496 2014 590 2093 poeta
625 2012 694 2094 agit
717 2013 756 2074 de
781 2011 1058 2094 superstitionibus
1082 2011 1215 2096 Aegyp·

151 2135 281 2215 tiorum,
318 2136 401 2218 apud
436 2158 514 2218 quos
548 2135 637 2199 varia
672 2136 822 2198 animalia
858 2140 1021 2219 tamquam
1056 2137 1130 2202 deos
1155 2137 1214 2200 coli

152 2259 308 2344 ostendit3
333 2260 512 2346 Aegyptios
528 2260 629 2344 igitur
645 2281 739 2324 carne
755 2261 868 2325 horum
885 2262 1069 2326 animalium
1085 2261 1215 2346 religio-

152 2384 274 2448 sissime
299 2406 332 2448 se
357 2385 527 2462 abstinere,
552 2386 634 2467 quod
659 2387 697 2448 de
722 2385 829 2450 herbis
854 2409 978 2468 quoqne
997 2387 1091 2450 certis
1108 2386 1214 2450 valere

152 2511 357 2573 demonstrat.
405 2507 505 2573 Nefas
530 2509 595 2572 illic
619 2531 687 2572 esse
712 2510 863 2574 animalia
885 2511 1042 2595 iugulare,
1067 2511 1214 2574 humanis

152 2635 337 2718 corporibus
361 2636 446 2698 vesci
469 2634 565 2698 licere
590 2634 654 2714 (vv.
679 2636 811 2711 1—13).
858 2635 959 2713 Talia,
983 2636 1087 2718 inquit
1110 2639 1213 2719 poeta,
1258 2615 1261 2622 ¹

152 2780 223 2822 cum
259 2757 371 2822 Ulixes
407 2758 595 2823 Phaeacibus
630 2763 784 2839 narraret,
815 2765 851 2824 ut
874 2762 1010 2824 mendax
1034 2760 1214 2845 aretalogus

151 2884 265 2947 merito
299 2884 332 2946 in
363 2903 450 2947 mare
476 2885 558 2949 abici
583 2885 729 2963 debebat,
753 2907 856 2968 neque
881 2887 913 2949 id
936 2887 1062 2960 mirum,
1087 2907 1158 2950 cum
1182 2886 1215 2948 in

152 3008 289 3071 anilibus
321 3008 448 3072 fabellis
471 3010 638 3072 narrandis
662 3009 764 3074 nullos
787 3013 885 3073 testes
909 3011 1083 3094 producere
1107 3013 1215 3092 posset

152 3133 217 3213 (vv.
256 3134 410 3215 14-26).
457 3131 496 3197 Se
531 3152 609 3198 vero
640 3137 735 3216 poeta
768 3135 933 3198 confirmat
956 3157 1021 3198 rem
1047 3137 1213 3198 enarratu·

151 3279 234 3336 rum,
259 3280 320 3322 non
344 3259 448 3325 minus
473 3258 702 3337 incredibilem,
727 3260 782 3322 sed
805 3259 906 3324 nihilo
930 3259 1033 3322 minus
1057 3281 1166 3323 veram
1183 3264 1215 3321 et

151 3382 343 3446 testimoniis
366 3383 539 3448 multorum
562 3385 692 3448 testium
716 3386 953 3468 comprobatam
977 3384 1040 3466 (vv.
1059 3384 1214 3467 27--32).

259 3507 388 3570 Transit
421 3508 522 3592 igitur
556 3510 596 3572 ad
631 3509 753 3572 facinus
788 3510 947 3592 quoddam
983 3510 1213 3592 exponendum,

151 3632 236 3716 quod
260 3632 294 3694 in
317 3631 468 3717 Aegypto
491 3655 553 3696 non
576 3634 676 3698 multo
699 3638 773 3696 ante
791 3635 992 3698 commissum
1008 3637 1086 3700 erat.
1126 3634 1214 3698 Inter

152 3755 230 3819 duas
254 3757 374 3820 vicinas
405 3760 527 3842 gentes,
553 3756 696 3822 Ombitas
721 3763 753 3821 et
776 3757 969 3842 Tentyrites,
994 3782 1065 3823 cum
1089 3763 1213 3822 veteres

152 3885 258 3944 essent
292 3881 480 3959 simultates,
517 3883 644 3946 tandem
669 3905 736 3946 rem
760 3905 797 3946 eo
821 3884 955 3962 venisse,
980 3889 1016 3949 ut
1039 3883 1213 3967 Tentyritae

151 4005 283 4069 insidias
307 4004 444 4074 Ombitis
467 4010 628 4090 pararent,
652 4008 816 4071 victoriam
839 4031 871 4072 se
888 4009 981 4072 facile
998 4011 1214 4091 reportaturos

152 4135 317 4213 sperantes
353 4133 393 4196 ab
429 4132 629 4208 adversariis,
666 4133 720 4217 qui
753 4133 784 4196 in
810 4156 846 4198 eo
870 4134 1015 4216 occupati
1040 4137 1154 4213 essent,
1180 4137 1214 4197 ut
