<?xml version="1.0" encoding="UTF-8"?>
<!DOCTYPE html PUBLIC "-//W3C//DTD XHTML 1.0 Transitional//EN"
    "http://www.w3.org/TR/xhtml1/DTD/xhtml1-transitional.dtd">
<html xmlns="http://www.w3.org/1999/xhtml" xml:lang="en" lang="en">
 <head>
  <title>
</title>
<meta http-equiv="Content-Type" content="text/html;charset=utf-8" />
  <meta name='ocr-system' content='tesseract 3.04.00' />
  <meta name='ocr-capabilities' content='ocr_page ocr_carea ocr_par ocr_line ocrx_word'/>
</head>
<body>
  <div class='ocr_page' id='page_1' title='image "./deargumentidisp00grylgoog_0055.png"; bbox 0 0 2916 4834; ppageno 0'>
   <div class='ocr_carea' id='block_1_1' title="bbox 738 404 913 468">
    <p class='ocr_par' dir='ltr' id='par_1_1' title="bbox 738 404 913 468">
     <span class='ocr_line' id='line_1_1' title="bbox 738 404 913 468; baseline 0.006 -20"><span class='ocrx_word' id='word_1_1' title='bbox 738 404 913 468; x_wconf 78' lang='lat'><strong>..43-</strong></span> 
     </span>
    </p>
   </div>
   <div class='ocr_carea' id='block_1_2' title="bbox 290 556 1357 1166">
    <p class='ocr_par' dir='ltr' id='par_1_2' title="bbox 290 556 1357 1166">
     <span class='ocr_line' id='line_1_2' title="bbox 401 556 1357 668; baseline 0.001 -23"><span class='ocrx_word' id='word_1_2' title='bbox 401 556 528 656; x_wconf 78' lang='lat' dir='ltr'>Quodsi¹</span> <span class='ocrx_word' id='word_1_3' title='bbox 541 581 601 646; x_wconf 91' lang='lat' dir='ltr'>hoc</span> <span class='ocrx_word' id='word_1_4' title='bbox 624 581 693 646; x_wconf 92' lang='lat' dir='ltr'>loco</span> <span class='ocrx_word' id='word_1_5' title='bbox 717 603 910 665; x_wconf 88' lang='lat' dir='ltr'>quamquam</span> <span class='ocrx_word' id='word_1_6' title='bbox 932 604 997 646; x_wconf 88' lang='lat' dir='ltr'>non</span> <span class='ocrx_word' id='word_1_7' title='bbox 1018 585 1124 666; x_wconf 86' lang='lat' dir='ltr'>potest</span> <span class='ocrx_word' id='word_1_8' title='bbox 1139 583 1301 668; x_wconf 83' lang='lat' dir='ltr'>pertinere</span> <span class='ocrx_word' id='word_1_9' title='bbox 1317 584 1357 647; x_wconf 89' lang='lat' dir='ltr'>ad</span> 
     </span>
     <span class='ocr_line' id='line_1_3' title="bbox 290 692 1356 792; baseline 0 -20"><span class='ocrx_word' id='word_1_10' title='bbox 290 707 437 790; x_wconf 86' lang='lat' dir='ltr'>putabat,</span> <span class='ocrx_word' id='word_1_11' title='bbox 472 707 645 786; x_wconf 80' lang='lat' dir='ltr'>rideamne,</span> <span class='ocrx_word' id='word_1_12' title='bbox 680 692 820 791; x_wconf 82' lang='lat' dir='ltr'>possitne</span> <span class='ocrx_word' id='word_1_13' title='bbox 856 728 928 771; x_wconf 90' lang='lat' dir='ltr'>cum</span> <span class='ocrx_word' id='word_1_14' title='bbox 958 708 1040 771; x_wconf 84' lang='lat' dir='ltr'>diris</span> <span class='ocrx_word' id='word_1_15' title='bbox 1069 709 1256 792; x_wconf 75' lang='lat' dir='ltr'><strong><em>temporibus</em></strong></span> <span class='ocrx_word' id='word_1_16' title='bbox 1283 731 1356 774; x_wconf 90' lang='lat' dir='ltr'>con-</span> 
     </span>
     <span class='ocr_line' id='line_1_4' title="bbox 292 809 1355 917; baseline 0.004 -23"><span class='ocrx_word' id='word_1_17' title='bbox 292 831 393 917; x_wconf 86' lang='lat' dir='ltr'>iungi,</span> <span class='ocrx_word' id='word_1_18' title='bbox 418 832 502 915; x_wconf 90' lang='lat' dir='ltr'>quod</span> <span class='ocrx_word' id='word_1_19' title='bbox 524 831 740 897; x_wconf 84' lang='lat' dir='ltr'>Ribbeckium</span> <span class='ocrx_word' id='word_1_20' title='bbox 757 809 873 897; x_wconf 79' lang='lat' dir='ltr'>contra</span> <span class='ocrx_word' id='word_1_21' title='bbox 896 854 988 897; x_wconf 90' lang='lat' dir='ltr'>usum</span> <span class='ocrx_word' id='word_1_22' title='bbox 1012 854 1080 897; x_wconf 88' lang='lat' dir='ltr'>esse</span> <span class='ocrx_word' id='word_1_23' title='bbox 1098 833 1256 916; x_wconf 79' lang='lat' dir='ltr'>adfirmat.</span> <span class='ocrx_word' id='word_1_24' title='bbox 1295 833 1355 898; x_wconf 93' lang='lat' dir='ltr'>Po-</span> 
     </span>
     <span class='ocr_line' id='line_1_5' title="bbox 291 949 1357 1041; baseline 0.003 -22"><span class='ocrx_word' id='word_1_25' title='bbox 291 959 355 1020; x_wconf 85' lang='lat' dir='ltr'>test</span> <span class='ocrx_word' id='word_1_26' title='bbox 390 978 476 1036; x_wconf 89' lang='lat' dir='ltr'>sane,</span> <span class='ocrx_word' id='word_1_27' title='bbox 510 957 587 1020; x_wconf 88' lang='lat' dir='ltr'>licet</span> <span class='ocrx_word' id='word_1_28' title='bbox 616 957 710 1041; x_wconf 89' lang='lat' dir='ltr'>plura</span> <span class='ocrx_word' id='word_1_29' title='bbox 741 979 778 1021; x_wconf 87' lang='lat' dir='ltr'>ea</span> <span class='ocrx_word' id='word_1_30' title='bbox 799 949 948 1041; x_wconf 75' lang='lat' dir='ltr'>¹exempla</span> <span class='ocrx_word' id='word_1_31' title='bbox 971 957 1044 1037; x_wconf 87' lang='lat' dir='ltr'>siut,</span> <span class='ocrx_word' id='word_1_32' title='bbox 1069 958 1124 1023; x_wconf 87' lang='lat' dir='ltr'>ubi</span> <span class='ocrx_word' id='word_1_33' title='bbox 1147 958 1181 1021; x_wconf 91' lang='lat' dir='ltr'>in</span> <span class='ocrx_word' id='word_1_34' title='bbox 1205 959 1357 1022; x_wconf 90' lang='lat' dir='ltr'>eiusmodi</span> 
     </span>
     <span class='ocr_line' id='line_1_6' title="bbox 293 1080 930 1166; baseline 0 -22"><span class='ocrx_word' id='word_1_35' title='bbox 293 1080 501 1144; x_wconf 78' lang='lat' dir='ltr'>collocatione</span> <span class='ocrx_word' id='word_1_36' title='bbox 523 1083 664 1166; x_wconf 75' lang='lat' dir='ltr'>quesnois</span> <span class='ocrx_word' id='word_1_37' title='bbox 688 1080 887 1146; x_wconf 86' lang='lat' dir='ltr'>adhibeatur.</span> <span class='ocrx_word' id='word_1_38' title='bbox 905 1082 930 1164; x_wconf 90' lang='grc'>1)</span> 
     </span>
    </p>
   </div>
   <div class='ocr_carea' id='block_1_3' title="bbox 397 1167 1356 1292">
    <p class='ocr_par' dir='ltr' id='par_1_3' title="bbox 397 1167 1356 1292">
     <span class='ocr_line' id='line_1_7' title="bbox 397 1167 1356 1292; baseline 0.005 -24"><span class='ocrx_word' id='word_1_39' title='bbox 397 1202 477 1269; x_wconf 87' lang='lat' dir='ltr'>Haec</span> <span class='ocrx_word' id='word_1_40' title='bbox 512 1206 617 1270; x_wconf 88' lang='lat' dir='ltr'>omnia</span> <span class='ocrx_word' id='word_1_41' title='bbox 652 1206 798 1289; x_wconf 85' lang='lat' dir='ltr'>exempla</span> <span class='ocrx_word' id='word_1_42' title='bbox 833 1207 955 1286; x_wconf 89' lang='lat' dir='ltr'>docent,</span> <span class='ocrx_word' id='word_1_43' title='bbox 986 1208 1126 1291; x_wconf 88' lang='lat' dir='ltr'>primum</span> <span class='ocrx_word' id='word_1_44' title='bbox 1155 1209 1240 1292; x_wconf 88' lang='lat' dir='ltr'>apud</span> <span class='ocrx_word' id='word_1_45' title='bbox 1262 1167 1356 1273; x_wconf 79' lang='lat' dir='ltr'>Iove·</span> 
     </span>
    </p>
   </div>
   <div class='ocr_carea' id='block_1_4' title="bbox 273 1329 1355 1913">
    <p class='ocr_par' dir='ltr' id='par_1_4' title="bbox 273 1329 1355 1913">
     <span class='ocr_line' id='line_1_8' title="bbox 290 1329 1354 1418; baseline 0.005 -25"><span class='ocrx_word' id='word_1_46' title='bbox 290 1329 397 1394; x_wconf 90' lang='lat' dir='ltr'>nalem</span> <span class='ocrx_word' id='word_1_47' title='bbox 420 1352 612 1413; x_wconf 86' lang='lat' dir='ltr'>quamquam</span> <span class='ocrx_word' id='word_1_48' title='bbox 636 1353 709 1395; x_wconf 92' lang='lat' dir='ltr'>cum</span> <span class='ocrx_word' id='word_1_49' title='bbox 730 1332 903 1396; x_wconf 84' lang='lat' dir='ltr'>indicativo</span> <span class='ocrx_word' id='word_1_50' title='bbox 925 1354 1100 1416; x_wconf 83' lang='lat' dir='ltr'>numquam</span> <span class='ocrx_word' id='word_1_51' title='bbox 1122 1334 1224 1418; x_wconf 82' lang='lat' dir='ltr'>iungi,</span> <span class='ocrx_word' id='word_1_52' title='bbox 1241 1334 1354 1398; x_wconf 86' lang='lat' dir='ltr'>deinde</span> 
     </span>
     <span class='ocr_line' id='line_1_9' title="bbox 273 1431 1355 1541; baseline 0.004 -23"><span class='ocrx_word' id='word_1_53' title='bbox 273 1431 350 1518; x_wconf 85' lang='lat' dir='ltr'>¹hoc</span> <span class='ocrx_word' id='word_1_54' title='bbox 373 1454 459 1518; x_wconf 86' lang='lat' dir='ltr'>idem</span> <span class='ocrx_word' id='word_1_55' title='bbox 481 1456 671 1520; x_wconf 80' lang='lat' dir='ltr'>vocabulum</span> <span class='ocrx_word' id='word_1_56' title='bbox 701 1447 741 1519; x_wconf 85' lang='lat' dir='ltr'>ad</span> <span class='ocrx_word' id='word_1_57' title='bbox 772 1456 929 1527; x_wconf 79' lang='lat' dir='ltr'>adiectiva</span> <span class='ocrx_word' id='word_1_58' title='bbox 956 1457 1104 1541; x_wconf 83' lang='lat' dir='ltr'>usurpari</span> <span class='ocrx_word' id='word_1_59' title='bbox 1126 1479 1230 1541; x_wconf 87' lang='lat' dir='ltr'>posse.</span> <span class='ocrx_word' id='word_1_60' title='bbox 1275 1457 1355 1523; x_wconf 89' lang='lat' dir='ltr'>Rib-</span> 
     </span>
     <span class='ocr_line' id='line_1_10' title="bbox 290 1579 1355 1664; baseline 0.004 -21"><span class='ocrx_word' id='word_1_61' title='bbox 290 1579 422 1643; x_wconf 88' lang='lat' dir='ltr'>beckius</span> <span class='ocrx_word' id='word_1_62' title='bbox 457 1580 544 1660; x_wconf 88' lang='lat' dir='ltr'>dicit,</span> <span class='ocrx_word' id='word_1_63' title='bbox 578 1602 707 1645; x_wconf 89' lang='lat' dir='ltr'>necesse</span> <span class='ocrx_word' id='word_1_64' title='bbox 744 1603 821 1660; x_wconf 89' lang='lat' dir='ltr'>esse,</span> <span class='ocrx_word' id='word_1_65' title='bbox 857 1582 884 1645; x_wconf 89' lang='lat' dir='ltr'>si</span> <span class='ocrx_word' id='word_1_66' title='bbox 906 1584 1008 1646; x_wconf 89' lang='lat' dir='ltr'>totum</span> <span class='ocrx_word' id='word_1_67' title='bbox 1031 1605 1062 1646; x_wconf 87' lang='lat' dir='ltr'>v.</span> <span class='ocrx_word' id='word_1_68' title='bbox 1088 1583 1128 1645; x_wconf 88' lang='grc'>78</span> <span class='ocrx_word' id='word_1_69' title='bbox 1153 1583 1355 1664; x_wconf 63' lang='lat' dir='ltr'>retineamus</span> 
     </span>
     <span class='ocr_line' id='line_1_11' title="bbox 289 1704 1355 1792; baseline 0.005 -25"><span class='ocrx_word' id='word_1_70' title='bbox 289 1704 331 1768; x_wconf 87' lang='lat' dir='ltr'>ad</span> <span class='ocrx_word' id='word_1_71' title='bbox 365 1704 632 1768; x_wconf 86' lang='lat' dir='ltr'>constructionem</span> <span class='ocrx_word' id='word_1_72' title='bbox 664 1728 798 1789; x_wconf 83' lang='lat' dir='ltr'>pravam</span> <span class='ocrx_word' id='word_1_73' title='bbox 833 1706 1063 1792; x_wconf 80' lang='lat' dir='ltr'>confugiamus,</span> <span class='ocrx_word' id='word_1_74' title='bbox 1099 1708 1183 1791; x_wconf 91' lang='lat' dir='ltr'>quod</span> <span class='ocrx_word' id='word_1_75' title='bbox 1211 1711 1355 1791; x_wconf 87' lang='lat' dir='ltr'>postea,</span> 
     </span>
     <span class='ocr_line' id='line_1_12' title="bbox 288 1831 1134 1913; baseline 0.004 -21"><span class='ocrx_word' id='word_1_76' title='bbox 288 1851 361 1913; x_wconf 89' lang='lat' dir='ltr'>quae</span> <span class='ocrx_word' id='word_1_77' title='bbox 384 1851 468 1893; x_wconf 90' lang='lat' dir='ltr'>nunc</span> <span class='ocrx_word' id='word_1_78' title='bbox 492 1831 697 1910; x_wconf 71' lang='lat' dir='ltr'>ostendimuS,</span> <span class='ocrx_word' id='word_1_79' title='bbox 722 1831 830 1895; x_wconf 88' lang='lat' dir='ltr'>durius</span> <span class='ocrx_word' id='word_1_80' title='bbox 856 1832 975 1895; x_wconf 88' lang='lat' dir='ltr'>dictum</span> <span class='ocrx_word' id='word_1_81' title='bbox 998 1832 1134 1896; x_wconf 87' lang='lat' dir='ltr'>videtur.</span> 
     </span>
    </p>
   </div>
   <div class='ocr_carea' id='block_1_5' title="bbox 281 2122 1355 4164">
    <p class='ocr_par' dir='ltr' id='par_1_5' title="bbox 281 2122 1355 4164">
     <span class='ocr_line' id='line_1_13' title="bbox 400 2122 1355 2202; baseline 0.004 -16"><span class='ocrx_word' id='word_1_82' title='bbox 400 2131 419 2200; x_wconf 86' lang='lat'>¹)</span> <span class='ocrx_word' id='word_1_83' title='bbox 438 2131 582 2202; x_wconf 84' lang='lat' dir='ltr'>Exempla,</span> <span class='ocrx_word' id='word_1_84' title='bbox 608 2122 658 2186; x_wconf 78' lang='lat' dir='ltr'>ribi</span> <span class='ocrx_word' id='word_1_85' title='bbox 677 2133 751 2202; x_wconf 89' lang='lat' dir='ltr'>apud</span> <span class='ocrx_word' id='word_1_86' title='bbox 769 2133 929 2188; x_wconf 86' lang='lat' dir='ltr'>Iuvenalem</span> <span class='ocrx_word' id='word_1_87' title='bbox 949 2135 1071 2202; x_wconf 81' lang='lat' dir='ltr'>quamtis</span> <span class='ocrx_word' id='word_1_88' title='bbox 1090 2152 1152 2188; x_wconf 89' lang='lat' dir='ltr'>cum</span> <span class='ocrx_word' id='word_1_89' title='bbox 1171 2135 1255 2190; x_wconf 87' lang='lat' dir='ltr'>verbo</span> <span class='ocrx_word' id='word_1_90' title='bbox 1274 2135 1355 2190; x_wconf 89' lang='lat' dir='ltr'>finito</span> 
     </span>
     <span class='ocr_line' id='line_1_14' title="bbox 286 2221 599 2292; baseline 0 -16"><span class='ocrx_word' id='word_1_91' title='bbox 286 2221 423 2292; x_wconf 84' lang='lat' dir='ltr'>iungitur,</span> <span class='ocrx_word' id='word_1_92' title='bbox 442 2223 502 2276; x_wconf 85' lang='lat' dir='ltr'>haec</span> <span class='ocrx_word' id='word_1_93' title='bbox 521 2225 599 2276; x_wconf 89' lang='lat' dir='ltr'>sunt:</span> 
     </span>
     <span class='ocr_line' id='line_1_15' title="bbox 447 2311 991 2380; baseline 0.002 -16"><span class='ocrx_word' id='word_1_94' title='bbox 447 2311 494 2364; x_wconf 86' lang='lat' dir='ltr'>Vl.</span> <span class='ocrx_word' id='word_1_95' title='bbox 532 2311 567 2366; x_wconf 81' lang='lat'>93</span> <span class='ocrx_word' id='word_1_96' title='bbox 586 2311 714 2380; x_wconf 85' lang='lat' dir='ltr'>quamvis</span> <span class='ocrx_word' id='word_1_97' title='bbox 733 2311 897 2366; x_wconf 89' lang='lat' dir='ltr'>mutandum</span> <span class='ocrx_word' id='word_1_98' title='bbox 918 2315 991 2367; x_wconf 88' lang='lat' dir='ltr'>esset</span> 
     </span>
     <span class='ocr_line' id='line_1_16' title="bbox 447 2399 839 2466; baseline 0.005 -13"><span class='ocrx_word' id='word_1_99' title='bbox 447 2400 494 2454; x_wconf 90' lang='lat' dir='ltr'>IX.</span> <span class='ocrx_word' id='word_1_100' title='bbox 533 2400 566 2454; x_wconf 85' lang='lat'>35</span> <span class='ocrx_word' id='word_1_101' title='bbox 642 2442 652 2466; x_wconf 83' lang='lat'>„</span> <span class='ocrx_word' id='word_1_102' title='bbox 735 2399 839 2456; x_wconf 89' lang='lat' dir='ltr'>viderit</span> 
     </span>
     <span class='ocr_line' id='line_1_17' title="bbox 460 2489 865 2559; baseline 0.005 -17"><span class='ocrx_word' id='word_1_103' title='bbox 460 2489 493 2542; x_wconf 89' lang='lat' dir='ltr'>X.</span> <span class='ocrx_word' id='word_1_104' title='bbox 514 2489 565 2544; x_wconf 88' lang='grc'>206</span> <span class='ocrx_word' id='word_1_105' title='bbox 641 2531 651 2555; x_wconf 88' lang='lat'>,</span> <span class='ocrx_word' id='word_1_106' title='bbox 733 2490 865 2559; x_wconf 77' lang='lat' dir='ltr'>palpetur</span> 
     </span>
     <span class='ocr_line' id='line_1_18' title="bbox 421 2567 834 2643; baseline 0 -11"><span class='ocrx_word' id='word_1_107' title='bbox 421 2567 494 2632; x_wconf 82' lang='lat' dir='ltr'>XIII.</span> <span class='ocrx_word' id='word_1_108' title='bbox 551 2579 566 2632; x_wconf 90' lang='lat'><strong>3</strong></span> <span class='ocrx_word' id='word_1_109' title='bbox 642 2620 652 2643; x_wconf 91' lang='lat'>,</span> <span class='ocrx_word' id='word_1_110' title='bbox 734 2578 834 2634; x_wconf 86' lang='lat' dir='ltr'>vicerit</span> 
     </span>
     <span class='ocr_line' id='line_1_19' title="bbox 287 2665 894 2737; baseline -0.002 -15"><span class='ocrx_word' id='word_1_111' title='bbox 287 2665 356 2722; x_wconf 79' lang='lat' dir='ltr'>Cum</span> <span class='ocrx_word' id='word_1_112' title='bbox 376 2666 523 2722; x_wconf 78' lang='lat' dir='ltr'>adiectivis</span> <span class='ocrx_word' id='word_1_113' title='bbox 543 2671 572 2722; x_wconf 87' lang='lat' dir='ltr'>ct</span> <span class='ocrx_word' id='word_1_114' title='bbox 589 2667 747 2737; x_wconf 74' lang='lat' dir='ltr'>participiis</span> <span class='ocrx_word' id='word_1_115' title='bbox 767 2667 894 2737; x_wconf 85' lang='lat' dir='ltr'>iungitur</span> 
     </span>
     <span class='ocr_line' id='line_1_20' title="bbox 472 2756 815 2824; baseline 0.003 -15"><span class='ocrx_word' id='word_1_116' title='bbox 472 2756 494 2809; x_wconf 93' lang='grc'>1.</span> <span class='ocrx_word' id='word_1_117' title='bbox 516 2757 566 2811; x_wconf 86' lang='grc'>103</span> <span class='ocrx_word' id='word_1_118' title='bbox 585 2756 713 2824; x_wconf 87' lang='lat' dir='ltr'>quamvis</span> <span class='ocrx_word' id='word_1_119' title='bbox 732 2759 815 2810; x_wconf 86' lang='lat' dir='ltr'>natus</span> 
     </span>
     <span class='ocr_line' id='line_1_21' title="bbox 445 2845 864 2910; baseline 0.002 -12"><span class='ocrx_word' id='word_1_120' title='bbox 445 2845 494 2898; x_wconf 89' lang='grc' dir='ltr'>ΙΠ.</span> <span class='ocrx_word' id='word_1_121' title='bbox 552 2845 565 2898; x_wconf 93' lang='grc'>1</span> <span class='ocrx_word' id='word_1_122' title='bbox 642 2886 652 2910; x_wconf 87' lang='lat'>,</span> <span class='ocrx_word' id='word_1_123' title='bbox 735 2846 864 2899; x_wconf 82' lang='lat' dir='ltr'>confusus</span> 
     </span>
     <span class='ocr_line' id='line_1_22' title="bbox 463 2933 875 3003; baseline 0.005 -17"><span class='ocrx_word' id='word_1_124' title='bbox 463 2975 474 2998; x_wconf 89' lang='lat'>,</span> <span class='ocrx_word' id='word_1_125' title='bbox 514 2933 566 2987; x_wconf 84' lang='lat'>282</span> <span class='ocrx_word' id='word_1_126' title='bbox 641 2976 651 2999; x_wconf 91' lang='lat'>,</span> <span class='ocrx_word' id='word_1_127' title='bbox 733 2933 875 3003; x_wconf 86' lang='lat' dir='ltr'>improbus</span> 
     </span>
     <span class='ocr_line' id='line_1_23' title="bbox 445 3022 866 3092; baseline -0.002 -15"><span class='ocrx_word' id='word_1_128' title='bbox 445 3023 492 3078; x_wconf 90' lang='lat' dir='ltr'>IV.</span> <span class='ocrx_word' id='word_1_129' title='bbox 514 3024 565 3077; x_wconf 82' lang='lat'>104</span> <span class='ocrx_word' id='word_1_130' title='bbox 639 3064 650 3088; x_wconf 79' lang='lat'>,</span> <span class='ocrx_word' id='word_1_131' title='bbox 731 3022 866 3092; x_wconf 90' lang='lat' dir='ltr'>ignobilis</span> 
     </span>
     <span class='ocr_line' id='line_1_24' title="bbox 458 3112 825 3178; baseline 0 -12"><span class='ocrx_word' id='word_1_132' title='bbox 458 3113 491 3166; x_wconf 89' lang='lat' dir='ltr'>V.</span> <span class='ocrx_word' id='word_1_133' title='bbox 548 3114 564 3166; x_wconf 83' lang='lat'>5</span> <span class='ocrx_word' id='word_1_134' title='bbox 640 3154 651 3178; x_wconf 90' lang='lat'>,</span> <span class='ocrx_word' id='word_1_135' title='bbox 732 3112 825 3167; x_wconf 86' lang='lat' dir='ltr'>iurato</span> 
     </span>
     <span class='ocr_line' id='line_1_25' title="bbox 467 3204 825 3266; baseline -0.003 -11"><span class='ocrx_word' id='word_1_136' title='bbox 467 3243 477 3266; x_wconf 94' lang='lat'>,</span> <span class='ocrx_word' id='word_1_137' title='bbox 531 3204 563 3256; x_wconf 85' lang='lat'>15</span> <span class='ocrx_word' id='word_1_138' title='bbox 639 3243 649 3266; x_wconf 87' lang='lat'>,</span> <span class='ocrx_word' id='word_1_139' title='bbox 731 3219 825 3256; x_wconf 85' lang='lat' dir='ltr'>rarum</span> 
     </span>
     <span class='ocr_line' id='line_1_26' title="bbox 418 3290 878 3356; baseline 0 -12"><span class='ocrx_word' id='word_1_140' title='bbox 418 3291 492 3344; x_wconf 85' lang='grc' dir='ltr'>ΧΙΙΙ,</span> <span class='ocrx_word' id='word_1_141' title='bbox 531 3291 563 3345; x_wconf 86' lang='grc'>13</span> <span class='ocrx_word' id='word_1_142' title='bbox 639 3333 650 3356; x_wconf 90' lang='grc'>,,</span> <span class='ocrx_word' id='word_1_143' title='bbox 731 3290 878 3344; x_wconf 86' lang='lat' dir='ltr'>minimam</span> 
     </span>
     <span class='ocr_line' id='line_1_27' title="bbox 449 3381 818 3450; baseline 0.003 -17"><span class='ocrx_word' id='word_1_144' title='bbox 449 3422 459 3444; x_wconf 88' lang='lat'>,</span> <span class='ocrx_word' id='word_1_145' title='bbox 511 3381 562 3435; x_wconf 80' lang='lat'>207</span> <span class='ocrx_word' id='word_1_146' title='bbox 639 3423 649 3446; x_wconf 81' lang='lat'><strong><em>„</em></strong></span> <span class='ocrx_word' id='word_1_147' title='bbox 732 3381 818 3450; x_wconf 80' lang='lat' dir='ltr'>longa</span> 
     </span>
     <span class='ocr_line' id='line_1_28' title="bbox 419 3469 867 3536; baseline 0.004 -14"><span class='ocrx_word' id='word_1_148' title='bbox 419 3469 491 3523; x_wconf 87' lang='lat' dir='ltr'>XVI.</span> <span class='ocrx_word' id='word_1_149' title='bbox 529 3471 563 3524; x_wconf 83' lang='lat'>56</span> <span class='ocrx_word' id='word_1_150' title='bbox 639 3512 649 3536; x_wconf 83' lang='lat'>,</span> <span class='ocrx_word' id='word_1_151' title='bbox 731 3471 867 3525; x_wconf 89' lang='lat' dir='ltr'>tremulus</span> 
     </span>
     <span class='ocr_line' id='line_1_29' title="bbox 284 3558 1353 3628; baseline 0.002 -15"><span class='ocrx_word' id='word_1_152' title='bbox 284 3560 318 3613; x_wconf 87' lang='lat' dir='ltr'>R.</span> <span class='ocrx_word' id='word_1_153' title='bbox 337 3558 427 3628; x_wconf 84' lang='lat' dir='ltr'>igitur</span> <span class='ocrx_word' id='word_1_154' title='bbox 445 3561 519 3614; x_wconf 85' lang='lat' dir='ltr'>recte</span> <span class='ocrx_word' id='word_1_155' title='bbox 538 3559 703 3615; x_wconf 82' lang='lat' dir='ltr'>contendere</span> <span class='ocrx_word' id='word_1_156' title='bbox 722 3559 841 3624; x_wconf 87' lang='lat' dir='ltr'>videtur,</span> <span class='ocrx_word' id='word_1_157' title='bbox 861 3576 1030 3628; x_wconf 86' lang='lat' dir='ltr'>quamquam</span> <span class='ocrx_word' id='word_1_158' title='bbox 1049 3560 1084 3613; x_wconf 90' lang='lat' dir='ltr'>ad</span> <span class='ocrx_word' id='word_1_159' title='bbox 1103 3559 1196 3624; x_wconf 84' lang='lat' dir='ltr'>verba,</span> <span class='ocrx_word' id='word_1_160' title='bbox 1210 3576 1271 3628; x_wconf 72' lang='lat' dir='ltr'>quse</span> <span class='ocrx_word' id='word_1_161' title='bbox 1285 3563 1353 3615; x_wconf 88' lang='lat' dir='ltr'>sunt</span> 
     </span>
     <span class='ocr_line' id='line_1_30' title="bbox 285 3646 1352 3718; baseline 0.002 -16"><span class='ocrx_word' id='word_1_162' title='bbox 285 3646 354 3702; x_wconf 86' lang='lat' dir='ltr'>diris</span> <span class='ocrx_word' id='word_1_163' title='bbox 372 3647 552 3716; x_wconf 80' lang='lat' dir='ltr'>temporibus,</span> <span class='ocrx_word' id='word_1_164' title='bbox 571 3666 627 3702; x_wconf 91' lang='lat' dir='ltr'>non</span> <span class='ocrx_word' id='word_1_165' title='bbox 646 3652 705 3702; x_wconf 90' lang='lat' dir='ltr'>tam</span> <span class='ocrx_word' id='word_1_166' title='bbox 724 3649 794 3704; x_wconf 88' lang='lat' dir='ltr'>bene</span> <span class='ocrx_word' id='word_1_167' title='bbox 813 3649 941 3703; x_wconf 86' lang='lat' dir='ltr'>adhiberi</span> <span class='ocrx_word' id='word_1_168' title='bbox 953 3667 1037 3718; x_wconf 88' lang='lat' dir='ltr'>quam</span> <span class='ocrx_word' id='word_1_169' title='bbox 1050 3648 1186 3718; x_wconf 78' lang='lat' dir='ltr'>quamvis.</span> <span class='ocrx_word' id='word_1_170' title='bbox 1217 3648 1270 3704; x_wconf 86' lang='lat' dir='ltr'>Sed</span> <span class='ocrx_word' id='word_1_171' title='bbox 1282 3666 1352 3704; x_wconf 88' lang='lat' dir='ltr'>non·</span> 
     </span>
     <span class='ocr_line' id='line_1_31' title="bbox 285 3735 1351 3808; baseline 0.001 -17"><span class='ocrx_word' id='word_1_172' title='bbox 285 3737 351 3792; x_wconf 88' lang='lat' dir='ltr'>dum</span> <span class='ocrx_word' id='word_1_173' title='bbox 371 3735 465 3790; x_wconf 86' lang='lat' dir='ltr'>omnia</span> <span class='ocrx_word' id='word_1_174' title='bbox 484 3738 607 3807; x_wconf 81' lang='lat' dir='ltr'>exemplo</span> <span class='ocrx_word' id='word_1_175' title='bbox 629 3737 785 3793; x_wconf 85' lang='lat' dir='ltr'>attulimus.</span> <span class='ocrx_word' id='word_1_176' title='bbox 823 3739 870 3792; x_wconf 92' lang='lat' dir='ltr'>IV.</span> <span class='ocrx_word' id='word_1_177' title='bbox 891 3739 924 3793; x_wconf 88' lang='grc'>60</span> <span class='ocrx_word' id='word_1_178' title='bbox 938 3738 1054 3808; x_wconf 85' lang='lat' dir='ltr'>legitur:</span> <span class='ocrx_word' id='word_1_179' title='bbox 1068 3755 1237 3807; x_wconf 83' lang='lat' dir='ltr'>quamquem</span> <span class='ocrx_word' id='word_1_180' title='bbox 1246 3737 1351 3792; x_wconf 87' lang='lat' dir='ltr'>diruta.</span> 
     </span>
     <span class='ocr_line' id='line_1_32' title="bbox 283 3827 1350 3897; baseline 0 -16"><span class='ocrx_word' id='word_1_181' title='bbox 283 3827 384 3881; x_wconf 86' lang='lat' dir='ltr'>Nonne</span> <span class='ocrx_word' id='word_1_182' title='bbox 402 3827 455 3881; x_wconf 93' lang='lat' dir='ltr'>hoc</span> <span class='ocrx_word' id='word_1_183' title='bbox 473 3827 630 3896; x_wconf 85' lang='lat' dir='ltr'>exemplum</span> <span class='ocrx_word' id='word_1_184' title='bbox 649 3827 771 3882; x_wconf 86' lang='lat' dir='ltr'>eiusdem</span> <span class='ocrx_word' id='word_1_185' title='bbox 791 3828 900 3897; x_wconf 86' lang='lat' dir='ltr'>generis</span> <span class='ocrx_word' id='word_1_186' title='bbox 920 3832 970 3892; x_wconf 88' lang='lat' dir='ltr'>est,</span> <span class='ocrx_word' id='word_1_187' title='bbox 990 3827 1067 3882; x_wconf 86' lang='lat' dir='ltr'>cuius</span> <span class='ocrx_word' id='word_1_188' title='bbox 1080 3828 1127 3882; x_wconf 89' lang='lat' dir='ltr'>hic</span> <span class='ocrx_word' id='word_1_189' title='bbox 1140 3828 1216 3882; x_wconf 88' lang='lat' dir='ltr'>locus</span> <span class='ocrx_word' id='word_1_190' title='bbox 1226 3827 1283 3895; x_wconf 85' lang='lat' dir='ltr'><strong>(IV.</strong></span> <span class='ocrx_word' id='word_1_191' title='bbox 1295 3827 1350 3894; x_wconf 82' lang='lat'>79),</span> 
     </span>
     <span class='ocr_line' id='line_1_33' title="bbox 284 3915 1351 3986; baseline 0.001 -16"><span class='ocrx_word' id='word_1_192' title='bbox 284 3915 318 3971; x_wconf 89' lang='lat' dir='ltr'>de</span> <span class='ocrx_word' id='word_1_193' title='bbox 346 3933 400 3984; x_wconf 88' lang='lat' dir='ltr'>quc</span> <span class='ocrx_word' id='word_1_194' title='bbox 428 3934 502 3971; x_wconf 88' lang='lat' dir='ltr'>nunc</span> <span class='ocrx_word' id='word_1_195' title='bbox 527 3915 629 3985; x_wconf 82' lang='lat' dir='ltr'>agitur.</span> <span class='ocrx_word' id='word_1_196' title='bbox 666 3916 766 3971; x_wconf 79' lang='lat' dir='ltr'>Restat</span> <span class='ocrx_word' id='word_1_197' title='bbox 791 3935 876 3970; x_wconf 89' lang='lat' dir='ltr'>unum</span> <span class='ocrx_word' id='word_1_198' title='bbox 900 3918 1057 3986; x_wconf 84' lang='lat' dir='ltr'>exemplum</span> <span class='ocrx_word' id='word_1_199' title='bbox 1076 3916 1135 3984; x_wconf 78' lang='lat'>(111.</span> <span class='ocrx_word' id='word_1_200' title='bbox 1155 3918 1202 3971; x_wconf 88' lang='lat'>61:</span> <span class='ocrx_word' id='word_1_201' title='bbox 1221 3917 1351 3985; x_wconf 84' lang='lat' dir='ltr'>quemvis</span> 
     </span>
     <span class='ocr_line' id='line_1_34' title="bbox 281 4004 1351 4076; baseline 0.001 -17"><span class='ocrx_word' id='word_1_202' title='bbox 281 4009 371 4074; x_wconf 85' lang='lat' dir='ltr'>quota</span> <span class='ocrx_word' id='word_1_203' title='bbox 397 4004 500 4075; x_wconf 84' lang='lat' dir='ltr'>portio)</span> <span class='ocrx_word' id='word_1_204' title='bbox 529 4005 579 4060; x_wconf 89' lang='lat' dir='ltr'>ubi</span> <span class='ocrx_word' id='word_1_205' title='bbox 604 4023 767 4074; x_wconf 69' lang='lat' dir='ltr'>quoiusquam</span> <span class='ocrx_word' id='word_1_206' title='bbox 787 4009 968 4076; x_wconf 84' lang='lat' dir='ltr'>exspectares,</span> <span class='ocrx_word' id='word_1_207' title='bbox 989 4006 1037 4062; x_wconf 90' lang='lat' dir='ltr'>sed</span> <span class='ocrx_word' id='word_1_208' title='bbox 1055 4005 1116 4060; x_wconf 92' lang='lat' dir='ltr'>illic</span> <span class='ocrx_word' id='word_1_209' title='bbox 1134 4005 1274 4060; x_wconf 87' lang='lat' dir='ltr'>luvenalis</span> <span class='ocrx_word' id='word_1_210' title='bbox 1292 4023 1351 4060; x_wconf 91' lang='lat' dir='ltr'>non</span> 
     </span>
     <span class='ocr_line' id='line_1_35' title="bbox 283 4093 726 4164; baseline 0 -16"><span class='ocrx_word' id='word_1_211' title='bbox 283 4093 368 4148; x_wconf 90' lang='lat' dir='ltr'>nimis</span> <span class='ocrx_word' id='word_1_212' title='bbox 388 4111 481 4149; x_wconf 83' lang='lat' dir='ltr'>severe</span> <span class='ocrx_word' id='word_1_213' title='bbox 500 4093 589 4164; x_wconf 85' lang='lat' dir='ltr'>egisse</span> <span class='ocrx_word' id='word_1_214' title='bbox 608 4093 726 4150; x_wconf 84' lang='lat' dir='ltr'>videtur.</span> 
     </span>
    </p>
   </div>
   <div class='ocr_carea' id='block_1_6' title="bbox 0 0 1462 4834">
    <p class='ocr_par' dir='ltr' id='par_1_6' title="bbox 0 0 1462 4834">
     <span class='ocr_line' id='line_1_36' title="bbox 0 0 1462 4834; baseline 0 3"><span class='ocrx_word' id='word_1_215' title='bbox 0 0 1462 4834; x_wconf 95' lang='lat' dir='ltr'> </span> 
     </span>
    </p>
   </div>
  </div>
 </body>
</html>
